1284 1922
85 108 130 140 38
397 106 439 139 D.
465 106 490 140 J
493 106 558 139 UN
561 105 598 139 Π
631 105 657 140 J
659 105 894 139 UVENALIS

85 172 181 215 Mox,
198 172 321 206 lenone
339 183 418 206 suas
430 174 506 216 jam
523 173 724 206 dimittente
740 172 884 216 puellas,

85 218 208 255 Tristis
226 218 314 261 abit,
332 222 377 261 et7
396 219 489 261 quod
506 219 631 262 potuit,
650 222 769 251 tamen
785 218 913 251 ultima
930 216 1055 250 cellam

85 264 229 307 Clausit,
246 264 362 297 adhuc
379 264 503 297 ardens
519 264 641 307 rigidae
658 264 832 307 tentigine
849 263 973 306 vulvae,

84 309 131 342 Et
148 310 276 343 lassata
292 310 385 352 viris,
401 321 465 343 nec
483 310 567 342 dum
585 310 721 352 satiata,
738 309 888 351 recessit,

86 355 318 399 Obscurisque
335 356 431 398 genis
449 355 563 399 turpis
579 355 745 399 fumoque
761 355 913 388 lucernae

84 400 192 434 Foeda
207 401 386 445 lupanaris
404 401 488 434 tulit
505 401 550 434 ad
566 401 730 444 pulvinar
747 401 894 434 odorem.

84 446 323 490 Hippomanes
341 458 548 491 carmenque
565 447 686 490 loquar
703 451 909 489 coetumque
925 456 1101 479 venenum

83 491 319 536 Privignoque
336 492 483 526 datum?
524 492 676 525 Faciunt
693 492 852 535 graviora
869 494 996 524 coactae

83 537 235 581 Imperio
253 549 355 571 sexus
371 538 625 581 minimumque
641 538 787 571 libidine
799 540 956 579 peccant.

128 585 147 601 “
160 584 302 627 Optima
319 583 378 615 sed
396 593 501 626 quare
519 582 703 625 Caesennia,
721 587 810 616 teste
826 582 952 616 marito
967 581 1003 615 2”

81 627 143 661 Bis
161 630 354 672 quingenta
371 628 488 669 dedit3
514 628 607 662 tanti
624 631 726 661 vocat
742 628 802 660 ille
820 628 994 671 pudieam,

81 673 116 707 N
117 685 155 707 ec
174 674 316 707 Veneris
334 674 505 718 pharetris
521 685 637 707 macer
653 678 705 707 est
722 678 785 707 aut
802 673 963 718 lampade
979 674 1109 708 fervet:

82 719 170 752 Inde
186 720 278 753 faces
295 720 429 763 ardent,
447 720 594 753 veniunt
611 731 632 753 a
648 720 728 753 dote
745 719 893 763 sagittae.

81 765 238 799 Libertas
256 766 404 798 emitur:
429 776 545 799 coram
561 765 644 798 licet
661 766 788 798 innuat
805 769 912 809 atque

81 810 271 851 Rescribat,
289 811 397 844 vidua
413 815 474 853 est,
491 811 645 855 locuples
662 823 739 855 quse
755 812 876 853 nupsit
893 822 1006 845 avaro.

126 858 147 875 ‘⁶
161 857 229 890 Cur
246 857 413 890 desiderio
430 857 567 891 Bibulae
585 859 754 892 Sertorius
773 859 869 892 ardet
883 857 917 892 '3’'

80 902 117 936 Si
134 914 255 936 verum
271 903 438 944 excutias,
452 902 568 945 facies,
585 913 656 935 non
672 914 760 935 uxor
777 906 925 936 amatur.

80 949 162 981 Tres
179 960 275 992 rugae
293 948 449 991 subeant,
467 952 502 981 et
520 959 554 981 se
572 948 662 981 cutis
680 948 778 981 arida
794 948 900 992 laxet,

81 994 187 1027 Fiant
204 994 339 1027 obscuri
357 994 488 1034 dentes,
506 993 666 1034 oculique
682 995 848 1028 minores:

79 1044 99 1058 “
113 1040 243 1083 Collige
261 1038 481 1079 sarcinulas,”
500 1040 592 1072 dicet
608 1040 762 1081 libertus,
780 1040 848 1073 “et
865 1038 923 1071 exi
940 1050 949 1078 ;

77 1086 162 1119 Jam
178 1086 293 1128 gravis
311 1097 345 1119 es
362 1085 470 1127 nobis,
487 1090 522 1118 et
539 1096 628 1129 saepe
645 1085 840 1129 emungeris
857 1096 866 1124 ;
890 1083 949 1117 exi

78 1131 182 1164 Ocius
199 1134 234 1164 et
254 1142 399 1174 propera
413 1142 419 1163 :
446 1131 534 1163 sicco
550 1131 647 1164 venit
663 1131 773 1164 altera
789 1128 906 1163 naso.⁷’

78 1175 218 1208 Interea
235 1175 326 1208 calet
343 1179 378 1208 et
394 1179 528 1218 regnat,
546 1176 727 1219 poscitque
743 1177 911 1209 maritum

76 1220 246 1263 Famem-es,
264 1225 299 1254 et
316 1232 415 1254 ovem
432 1221 654 1263 Canusinam,
671 1221 852 1265 ulmosque
873 1221 1045 1255 Falernas.

78 1266 297 1307 Quantulum
313 1267 350 1299 in
367 1267 450 1301 hoc!
494 1267 623 1300 Pueros
640 1278 766 1309 omneS‚
784 1268 961 1310 ergastula
978 1271 1053 1301 tota
1063 1280 1072 1309 3

77 1312 245 1356 Quodque
262 1312 355 1345 domi
372 1324 442 1345 non
459 1315 511 1345 est
528 1316 563 1345 et
580 1311 686 1345 habet
703 1313 847 1355 vicinus,
865 1317 1010 1347 ematur.

75 1357 197 1392 Mense
214 1358 355 1402 quidem
371 1358 513 1399 brumae,
528 1369 638 1401 quum
649 1359 744 1401 jamc
761 1363 932 1392 mercator
949 1359 1052 1392 Iason

76 1404 220 1437 Clausus
238 1407 272 1437 et
289 1404 432 1437 armatis
450 1404 564 1436 obstat
581 1415 660 1437 casa
677 1404 826 1437 candida
841 1405 970 1448 nautis,

75 1450 229 1483 Grandia
246 1449 420 1483 tolluntur
437 1449 648 1493 crystallina,
662 1450 817 1483 maxima
832 1462 952 1483 rursus

73 1494 243 1538 Murrina,
262 1495 387 1528 deinde
404 1495 546 1529 adamas
563 1496 764 1528 notissimus
782 1499 816 1529 et
834 1496 1016 1530 Beronices

74 1541 117 1574 In
136 1541 246 1584 digito
263 1541 378 1574 factus
395 1541 594 1585 pretiosior:
620 1541 714 1574 hunc
731 1541 828 1575 dedit
845 1542 929 1574 olim

73 1586 247 1620 Barbarus
264 1587 414 1629 incestae,
433 1586 529 1619 dedit
546 1587 641 1620 hunc
659 1587 814 1631 Agrippa
832 1588 946 1631 sorori,

74 1633 267 1666 Observant
283 1632 344 1665 ubi
361 1633 450 1665 festa
467 1643 560 1665 mero
577 1633 664 1676 pede
682 1633 824 1666 sabbata
840 1644 938 1676 reges

72 1677 119 1711 Et
137 1681 237 1711 vetus
254 1678 415 1721 indulget
433 1677 570 1711 senibus
588 1678 773 1711 clementia
789 1679 910 1721 porcis.

120 1723 301 1759 “Nullane
318 1725 360 1758 de
376 1725 484 1758 tantis
500 1725 663 1768 gregibus
680 1726 745 1759 tibi
763 1726 869 1769 digna
886 1726 1024 1760 videtur
1035 1726 1070 1761 ?⁷’

550 1783 560 1796 ²
580 1787 634 1812 quo
643 1780 703 1812 jam

1135 309 1203 340 130

1135 766 1201 798 140

1130 1224 1197 1256 150

1126 1682 1193 1714 160
