1284 1922
90 74 156 106 116
406 70 448 104 D.
475 69 610 104 JUNII
635 69 902 104 JUVENALIS

87 138 234 172 Naturae
251 138 396 182 imperio
414 138 594 182 gemimus,
609 149 719 182 quum
734 138 843 171 funus
860 137 991 171 adultae

89 184 245 228 Virginis
263 184 423 227 occurrit,
441 184 497 218 vel
514 188 607 217 terra
625 183 802 217 clauditur
818 184 945 227 infans,

88 230 136 263 Et
153 231 266 263 minor
282 231 364 274 igne
381 230 465 273 rogi.
509 230 594 271 Quis
612 230 706 263 enim
722 230 832 263 bonus
850 234 886 263 et
902 230 979 264 face
997 229 1125 274 dignus
1151 231 1218 263 140

89 276 236 319 Arcana,
256 276 396 320 qualem
414 276 544 310 Cereris
562 276 640 309 vult
657 287 729 310 esse
747 276 914 319 sacerdos,

89 322 172 356 Ulla
190 322 305 355 aliena
322 322 388 355 sibi
406 322 525 356 credat
542 321 659 355 mala?
702 322 768 366 Sep
771 326 848 355 arat
865 303 930 356 ho'c
947 333 1010 356 nos

90 368 121 402 A
138 380 243 420 grege
260 372 449 411 mutorum,
467 372 573 412 atque
590 368 667 402 ideo
684 368 883 402 venerabile
901 368 965 402 soli

90 414 239 448 Sortiti
231 415 415 458 ingenium
432 395 701 458 divinorumque
719 425 862 458 capaces

90 460 209 504 Atque
227 460 429 494 exercendis
447 460 694 504 capiendisque
711 460 846 494 artibus
864 460 940 504 apti

90 506 239 540 Sensum
255 518 276 540 a
293 506 425 540 coelesti
442 506 633 539 demissum
650 506 823 539 traximus
841 518 929 548 arce,

92 552 198 596 Cujus
217 556 321 595 egent
338 563 447 596 prona
465 556 500 585 et
517 556 646 585 terram
665 552 870 596 spectantia.
911 552 1042 585 Mundi

92 597 270 642 Principio
288 598 437 631 indulsit
455 598 650 631 communis
669 598 827 631 conditor
843 598 914 631 illis

92 644 246 677 Tantum
263 644 409 686 animas,
426 643 525 677 nobis
543 644 701 677 animum
718 655 866 688 quoque,
883 647 1030 678 mutuus
1048 647 1089 678 ut
1105 655 1167 678 nos

91 690 248 724 Affectus
265 694 383 734 petere
400 690 575 723 auxilium
593 694 628 723 et
645 694 810 734 praestare
823 689 973 734 juberet,
1153 693 1220 724 150

92 736 272 781 Dispersos
289 737 427 770 trahere
444 736 482 768 in
499 736 680 780 populum,
697 736 847 779 migrare
864 740 1003 770 vetusto

92 782 145 816 De
162 794 301 815 nemore
318 786 353 815 et
370 782 507 826 proavis
525 782 702 815 habitatas
719 782 877 826 linquere
894 782 1019 816 silvas·
1010 808 1020 824 ,

92 828 280 862 AEdificare
298 828 426 870 domos,
444 828 590 862 Laribus
607 830 816 873 conjungere
832 828 960 862 nostris

94 874 241 908 Tectum
257 874 365 917 aliud,
383 878 478 907 tutos
495 875 611 907 vicino
627 874 749 907 limine
767 885 902 908 somnos

95 920 144 954 Ut
162 920 289 954 collata
306 920 405 953 daret
421 919 569 960 fiducia3
593 923 774 964 protegere
791 920 896 953 armis

95 966 259 1010 Lapsum,
276 970 339 999 aut
356 966 492 1009 ingenti
509 969 696 999 nutantem
712 966 857 999 vulnere
874 966 998 1011 civem,

96 1012 280 1045 Communi
297 1012 379 1045 dare
397 1012 496 1055 signa
514 1012 610 1054 tuba,
629 1012 808 1045 defendier
825 1012 937 1046 isdem

96 1058 273 1101 Turribus,
291 1062 398 1101 atque
416 1070 486 1091 una
504 1062 684 1102 portarum
701 1058 798 1091 clave
816 1059 937 1093 teneri.

96 1104 163 1137 Sed
176 1106 254 1148 jam
272 1108 473 1148 serpentum
490 1105 600 1147 major
617 1104 817 1138 concordia:
842 1105 956 1148 parcit

97 1151 261 1193 Cognatis
278 1150 425 1184 maculis
444 1150 566 1183 similis
583 1150 666 1184 fera.
709 1150 856 1191 Quando
873 1151 966 1185 leoni
1157 1153 1223 1186 160

97 1196 233 1229 Fortior
250 1197 379 1240 eripuit
396 1196 507 1229 vitam
524 1195 598 1228 leo?
625 1207 693 1239 quo
710 1208 849 1229 nemore
866 1209 1022 1241 unquam

97 1242 300 1286 Exspiravit
318 1253 401 1285 aper
417 1242 557 1285 majoris
575 1241 738 1275 dentibus
755 1242 854 1285 apri?

99 1288 221 1322 Indica
239 1289 339 1331 tigris
357 1288 431 1330 agit
448 1287 569 1320 rabida
587 1299 667 1321 cum
685 1287 813 1331 tigride
830 1299 952 1332 pacem

98 1333 329 1378 Perpetuam;
355 1334 453 1366 saevis
471 1333 563 1366 inter
581 1345 614 1366 se
632 1334 795 1367 convenit
812 1335 911 1368 ursis.

98 1380 163 1413 Ast
181 1381 314 1413 homini
332 1380 463 1413 ferrum
480 1379 584 1412 letale
602 1379 728 1412 incude
746 1380 899 1414 nefanda

99 1425 308 1459 Produxisse
326 1437 449 1470 parum
466 1429 537 1466 cst3
562 1436 672 1468 quum
688 1429 801 1459 rastra
818 1430 853 1459 et
871 1427 1005 1461 sarcula
1021 1430 1163 1461 tantum

99 1472 239 1505 Assueti
257 1483 412 1515 coquere,
430 1475 465 1504 et
482 1472 604 1504 marris
622 1482 662 1504 ac
679 1483 816 1505 vomere
833 1472 915 1506 lassi

98 1517 132 1551 N
135 1518 296 1551 cscierint
314 1518 417 1561 primi
435 1517 568 1560 gladios
586 1517 779 1551 extundere
796 1518 887 1551 fabri
896 1521 919 1552 b.

100 1563 297 1607 Aspicimus
316 1564 470 1607 populos,
488 1574 636 1607 quorum
653 1574 723 1596 non
741 1563 869 1598 sufficit
886 1564 946 1598 irae

101 1610 274 1643 Occidisse
292 1610 465 1653 aliquem3
491 1609 549 1642 sed
568 1613 716 1652 pectora,
734 1609 886 1653 brachia,
904 1611 1045 1644 vultum
1157 1612 1226 1646 170

101 1656 320 1689 crediderint
338 1667 447 1699 genus
465 1667 536 1688 esse
555 1655 631 1688 cibi.
675 1655 766 1695 Quid
784 1655 914 1690 diceret
932 1668 1022 1700 ergo,

101 1701 166 1735 Vel
184 1713 250 1745 quo
269 1713 337 1735 non
355 1702 502 1745 fugeret,
520 1701 548 1734 si
566 1712 660 1734 nunc
677 1701 752 1734 haec
769 1706 925 1736 monstra
941 1703 1076 1737 videret

485 1756 496 1772 '²
517 1759 657 1783 Nescirint
672 1776 679 1784 .
695 1776 702 1784 .
716 1758 863 1784 extendere
