1284 1922
90 72 157 104 114
403 69 445 103 D.
470 68 605 103 JUNII
630 69 655 103 J
658 67 896 103 UVENALIS

87 137 224 178 AEneae;
251 136 307 170 sed
329 147 431 180 quem
448 136 590 170 valeant
606 136 765 170 emittere
781 136 913 170 dextrae

88 182 164 216 Illis
182 183 364 216 dissimiles
382 186 417 215 et
434 186 550 216 nostro
567 185 721 226 tempore
737 186 839 216 natae.

87 228 179 262 Nam
196 240 306 272 genus
323 229 388 261 hoc
405 228 483 262 vivo
496 230 572 272 jam
589 228 807 262 decrescebat
825 228 984 262 Homero.

88 275 193 308 Terra
209 274 317 307 malos
335 274 490 307 homines
507 286 602 307 nunc
619 274 745 308 educat
763 278 868 318 atque
885 275 1028 319 pusillos
1043 287 1050 310 :
1164 275 1208 310 70

88 318 179 363 Ergo
196 320 302 363 Deus,
320 320 519 364 quicunque
536 320 683 364 aspexit,
699 320 790 353 ridet
808 325 842 353 et
859 321 942 356 odit.

134 366 166 399 A
184 366 389 399 diverticulo
405 370 585 410 repetatur
601 365 729 399 fabula.
777 366 968 410 Postquam

88 411 257 445 Subsidiis
275 412 379 455 aucti,
397 423 475 456 pars
493 412 603 445 altera
619 423 774 456 promere
791 412 923 446 ferrum

88 458 214 501 Audet,
232 461 266 491 et
283 458 420 490 infestis
437 469 593 501 pugnam
607 458 801 491 instaurare
819 459 974 502 sagittis:

88 503 202 547 Terga
218 504 304 547 fuga
321 503 424 536 celeri
441 504 691 547 praestantibus
709 503 877 547 omnibus,
895 505 1030 538 instant

89 549 157 590 Qui
174 549 289 582 vicina
306 549 425 582 colunt
442 549 611 582 umbrosae
628 549 782 593 Tentyra
798 549 932 593 palmae.

87 594 233 628 Labitur
250 595 334 628 hinc
351 595 504 638 quidam,
521 595 631 628 nimia
647 595 832 628 formidine
850 607 990 630 cursum

87 640 324 684 Praecipitans,
343 641 550 684 capiturque
564 653 571 675 ε
596 644 650 674 ast
666 641 766 674 illum
783 641 820 674 in
838 641 991 686 plurima
1007 645 1139 677 sectum

88 686 216 720 Frusta
233 690 267 720 et
284 687 483 731 particulas,
501 691 542 720 ut
558 687 679 720 multis
695 691 854 721 mortuus
870 699 961 722 unus
978 693 982 695 ’

88 732 276 776 Sufficeret,
294 736 409 766 totum
426 733 566 766 corrosis
584 733 715 766 ossibus
733 733 805 767 edit
1162 736 1207 768 80

89 777 227 811 Victrix
244 778 366 811 turba:
391 789 455 811 nec
472 779 609 812 ardenti
626 779 766 812 decoxit
784 790 869 813 aeno

87 823 161 857 Aut
178 824 343 858 verubus:
369 823 513 867 longum
529 836 639 868 usque
656 825 741 858 adeo
758 826 966 870 tardumque
983 826 1122 870 putavit

88 870 302 914 Exspectare
318 870 420 912 fOCOS,
438 874 604 903 contenta
621 870 788 906 cadavere
807 872 921 905 crudo.

88 914 157 949 Hic
174 916 325 959 gaudere
342 915 437 957 libet,
455 916 547 960 quod
564 927 634 949 non
651 916 832 949 violaverit
850 917 976 961 ignem,

89 961 199 1002 Quem
217 973 352 995 summa
369 962 447 994 coeli
463 966 605 1005 raptum
622 962 664 995 de
681 965 780 1005 parte
798 963 1023 997 Prometheus

87 1007 242 1041 Donavit
259 1008 368 1041 terris.
409 1007 592 1041 Elemento
609 1008 766 1051 gratulor
782 1013 817 1041 et
834 1013 869 1042 te

88 1053 274 1086 Exsultare
292 1065 376 1087 reor.
418 1053 484 1086 Sed
503 1054 563 1097 qui
580 1054 735 1087 mordere
753 1054 899 1087 cadaver

88 1099 272 1142 Sustinuit,
290 1100 341 1132 nil
358 1110 516 1143 unquam
532 1100 597 1133 hac
615 1111 717 1133 carne
734 1099 900 1133 libentius
918 1101 999 1134 edit.

87 1144 179 1178 Nam
197 1145 321 1178 scelere
338 1146 375 1177 in
392 1150 492 1178 tanto
510 1157 554 1178 ne
572 1156 705 1189 quaeras
723 1149 757 1178 et
775 1146 921 1189 dubites,
938 1158 983 1179 an

88 1190 206 1223 Prima
223 1191 439 1234 voluptatem
456 1191 540 1233 gula
557 1191 710 1224 senserit.
752 1191 907 1224 Ultimus
924 1196 1052 1236 autem,
1162 1194 1208 1226 90

90 1237 157 1277 Qui
175 1237 272 1270 stetit
289 1237 448 1269 absumto
460 1238 535 1280 jam
553 1240 625 1269 toto
643 1248 790 1280 corpore,
809 1237 922 1270 ductis

88 1282 155 1316 Per
172 1287 300 1316 terram
318 1283 447 1325 digitis,
465 1282 597 1325 aliquid
616 1283 658 1315 de
676 1283 844 1325 sanguine
861 1286 990 1325 gustat.

88 1328 270 1370 Vascones,
289 1329 363 1361 haec
380 1328 475 1361 fama
492 1332 553 1370 est,
571 1328 745 1361 alimentis
763 1328 891 1361 talibus
909 1329 992 1361 olim

88 1374 287 1407 Produxere
305 1374 455 1407 animas:
482 1374 540 1406 sed
557 1385 610 1406 res
627 1374 772 1416 diversa,
791 1374 849 1406 sed
866 1374 938 1407 illic

88 1420 251 1453 Fortunae
269 1420 403 1453 invidia
420 1423 471 1452 est
488 1419 724 1463 bellorumque
740 1420 875 1464 ultima,
893 1431 991 1453 casus

87 1466 256 1509 Extremi,
275 1466 385 1509 longae
404 1465 479 1498 dira
496 1465 681 1498 obsidionis
699 1470 840 1508 egestas.

88 1512 205 1556 Hujus
224 1512 325 1554 enim,
344 1511 435 1555 quod
452 1522 546 1544 nunc
563 1512 690 1555 agitur,
707 1511 902 1544 miserabile
920 1511 1022 1545 debet

87 1557 299 1601 Exemplum
316 1568 387 1590 esse
404 1557 489 1590 cibi:
515 1556 604 1591 sicut
620 1558 721 1590 modo
739 1558 833 1590 dicta
848 1557 936 1590 mihi
953 1569 1037 1600 gens

88 1603 171 1637 Post
189 1615 305 1636 omnes
322 1602 455 1645 herbas,
473 1606 551 1646 post
569 1608 695 1636 cuncta
712 1603 888 1645 animalia,
905 1603 1076 1647 quidquid

89 1649 238 1692 Cogebat
256 1649 357 1682 vacui
374 1649 505 1681 ventris
522 1650 626 1692 furor,
644 1649 799 1682 hostibus
817 1649 899 1692 ipsis
1139 1651 1205 1683 100

88 1695 258 1728 Pallorem
276 1706 315 1728 ac
333 1694 478 1727 maciem
495 1699 530 1727 et
548 1699 668 1728 tenues
684 1694 928 1728 miserantibus
946 1698 1051 1739 artus,

87 1740 247 1776 Membra
261 1740 376 1774 aliena
392 1741 483 1774 fame
501 1740 710 1784 lacerabant,
728 1751 799 1774 esse
815 1741 930 1784 parati
