1284 1922
118 27 185 60 128
597 24 755 59 PERSII

117 91 206 126 Haec
221 91 365 126 baccam
382 91 522 124 conchae
538 91 671 135 rasisse,
689 95 724 125 et
741 91 911 136 stringere
927 103 1032 127 venas

118 137 300 171 Ferventis
314 148 437 170 massae
455 137 562 170 crudo
579 137 622 170 de
638 137 782 180 pulvere
794 138 911 181 jussit.

119 183 246 218 Peccat
264 188 299 217 et
315 184 400 226 haec,
418 187 556 227 peccat:
582 183 668 216 vitio
685 187 804 216 tamen
821 184 945 218 utitur.
993 184 1042 218 At
1059 195 1118 218 vos

118 230 245 273 Dicite,
263 229 453 274 pontifices,
471 229 509 262 in
526 235 641 261 sacroy
659 229 744 272 quid
762 230 848 262 facit
865 230 1014 263 aurum?

119 275 253 320 Nempe
270 276 335 309 hoc
353 275 445 319 quod
463 275 590 308 Veneri
608 275 745 308 donatae
763 287 784 308 a
800 276 935 318 virgine
952 287 1091 320 puppae.
1203 275 1247 310 70

121 322 215 363 Quin
232 322 355 355 damus
372 321 408 354 id
426 321 577 365 Superis,
595 321 638 354 de
654 332 783 364 magna
801 322 893 365 quod
910 321 992 355 dare
1008 322 1109 356 lance

119 368 200 401 Non
217 368 325 412 possit
341 367 462 411 magni
478 367 637 400 Messalae
655 367 753 411 lippa
769 378 940 411 propago:

122 414 357 458 Compositum
370 415 428 457 jus
445 414 566 457 fasque
583 413 709 456 animo,
727 417 934 456 sanctosque
950 425 1104 447 recessus

122 459 263 502 Mentis,
281 464 316 493 et
332 459 510 492 incoctum
527 470 692 502 generoso
709 463 831 502 pectus
848 459 1015 492 honesto?

123 505 210 539 Haec
227 505 321 549 cedo,
338 509 380 539 ut
397 505 601 539 admoveam
618 504 768 548 templis,
787 508 822 538 ct
838 505 930 539 farre
947 505 1064 540 litabo.

594 648 789 659 mmmmm-s

518 736 748 774 SATIRA
785 737 856 773 111.

125 824 261 859 NEMPE
277 824 374 858 haeoz
390 824 544 859 assidue:
564 826 640 869 jam
657 825 790 858 clarum
806 836 909 858 mane
926 824 1095 858 fenestras

126 871 243 905 Intrat
260 875 295 904 et
312 875 479 914 angustas
496 871 656 904 extendit
674 871 808 904 lumine
824 871 939 913 rimas,

126 917 322 961 Stertimus‚
338 916 549 950 indomitum
566 917 658 960 quod
675 917 879 960 despumare
896 916 1085 950 Falernum

127 962 294 1006 Sufficiat,
313 963 437 1007 quinta
453 963 537 996 dum
553 962 647 996 linea
664 963 823 1006 tangitur
839 962 972 996 umbra.

127 1010 146 1025 “
157 1009 212 1042 En
230 1009 314 1053 quid
331 1008 427 1051 agis?
453 1009 560 1042 siccas
577 1009 702 1042 insana
719 1009 886 1042 Canicula
902 1019 1028 1041 messes

130 1055 350 1089 ,Iamdudum
367 1057 494 1099 coquit,
512 1059 546 1088 et
563 1055 685 1099 patula
702 1067 803 1099 pecus
822 1066 923 1089 omne
941 1055 1004 1088 sub
1021 1055 1115 1088 ulmo
1134 1055 1219 1090 est?

130 1101 229 1134 Unus
246 1102 297 1135 ait
314 1102 490 1135 comitum.
541 1102 558 1118 ‘²
572 1101 745 1135 Verumne
761 1101 773 1134 ’.ἱ
797 1101 894 1136 itane
908 1100 920 1134 ’.ἱ
946 1101 1040 1134 ocius
1056 1102 1148 1135 adsit

130 1146 212 1180 Huc
229 1147 378 1190 aliquis
371 1148 377 1171 ¹
404 1147 539 1180 nemon'
554 1145 588 1179 2”
636 1147 816 1191 'Purgescit
833 1148 944 1182 vitrea
961 1146 1050 1188 bilis,

128 1190 304 1233 Finditur,
321 1192 501 1223 Arcadiae‘*
518 1192 680 1243 pecuaria
696 1174 821 1224 rudere
838 1192 942 1225 dicas.

175 1237 201 1270 J
203 1248 259 1269 am
276 1236 362 1269 liber
379 1240 413 1269 et
430 1235 559 1269 bicolor
575 1236 696 1280 positis
711 1236 913 1270 membrana
931 1235 1075 1280 capillis,
1211 1238 1253 1269 10

130 1282 242 1326 Inque
257 1293 381 1315 manus
399 1282 529 1317 chartae
547 1282 744 1326 nodosaque
760 1283 857 1316 venit
875 1283 1017 1315 arundo.

130 1329 228 1362 Tunc
245 1328 403 1372 queritur
410 1331 433 1371 b,
452 1339 585 1361 crassus
602 1328 734 1361 calamo
752 1328 845 1372 quod
862 1328 1013 1371 pendeat
1029 1327 1162 1371 humor,

130 1373 241 1417 Nigra
257 1374 347 1418 quod
364 1373 480 1407 infusa
497 1377 661 1407 vanescat
677 1374 772 1417 sepia
788 1374 953 1417 lympha3

129 1419 269 1454 Dilutas
287 1420 446 1463 queritur
462 1419 616 1463 geminet
634 1420 725 1463 quod
741 1419 860 1453 fistula
876 1423 1005 1463 guttas.

178 1466 205 1499 O
223 1466 344 1500 miser!
371 1465 477 1509 inque
495 1465 566 1498 dies
585 1465 677 1498 ultra
693 1465 805 1508 miser,
823 1466 970 1498 huccine
987 1476 1103 1498 rerum

137 1511 324 1544 Venimus?
349 1515 387 1544 at
406 1522 467 1544 cur
484 1522 554 1544 non
571 1511 698 1554 potius
716 1515 902 1563 teneroque
920 1511 1098 1544 columbo⁰

132 1557 178 1590 Et
196 1557 317 1590 similis
333 1568 456 1600 regum
473 1557 598 1600 pueris,
615 1568 768 1600 pappare
783 1557 962 1590 minutum

133 1603 257 1646 Poscis,
276 1607 311 1636 et
328 1603 438 1636 iratus
455 1614 615 1636 mammae
633 1603 754 1636 lallare
770 1602 929 1636 recusas}

205 1672 216 1690 Υ
234 1669 263 1693 in
275 1672 371 1693 sancto
563 1671 573 1683 ¹
592 1669 643 1694 hoc
791 1673 803 1685 ⁸
821 1668 920 1699 findor,
934 1671 964 1693 ut
978 1668 1041 1693 Arc.
1057 1669 1151 1693 credas

206 1699 219 1716 ¹³
238 1706 377 1738 querimur
790 1707 800 1719 ς
821 1707 868 1728 aut
882 1713 930 1729 cur
945 1723 951 1729 .
967 1722 973 1730 .
989 1722 996 1730 .
1011 1705 1142 1737 palumbo
