1284 1922
65 41 111 72 40
381 37 423 71 D.
449 37 473 71 J
477 37 543 70 UN
546 37 583 70 ΙΙ
608 37 634 70 J
637 36 874 71 UVENALIS

69 105 146 138 Vox
161 104 292 138 blanda
308 107 343 137 et
361 115 513 147 nequam
527 103 539 137 ’ἒ
565 103 694 147 digitos
710 102 826 137 habet.
867 103 917 137 Ut
933 106 1052 136 tamen
1069 114 1186 138 omnes

67 150 259 183 Subsidant
275 161 409 194 pennae,
428 149 523 182 dicas
540 149 616 182 haec
633 149 772 181 mollius
790 148 913 182 Haemo

68 195 277 239 Quanquam
293 199 328 228 et
346 194 565 239 Carpophoro
583 207 591 235 ;
614 194 720 227 facies
737 197 800 227 tua
817 196 997 238 computat
1015 205 1132 228 annos,

114 241 151 274 Si
167 240 233 274 tibi
249 241 416 283 legitimis
433 244 573 283 pactam
586 241 817 284 junctamque
833 239 971 273 tabellis
1116 241 1185 273 200

66 286 145 319 Non
162 298 197 319 es
214 290 403 329 amaturus,
422 286 573 319 ducendi
589 285 688 318 nulla
705 286 845 318 videtur

69 331 181 365 Causa
195 344 204 373 3
228 343 292 364 nec
309 335 371 374 est,
389 343 494 375 quare
511 342 644 364 coenam
661 335 696 364 et
712 334 889 363 mustacea
905 329 1039 374 perdas,

65 376 221 410 Labente
238 377 358 419 officio,
377 377 493 410 crudis
511 377 672 410 donanda
687 389 695 417 ;
720 388 783 409 nec
801 376 899 417 illud,

67 423 168 463 Quod
184 422 298 466 prima
315 433 376 466 pro
393 426 495 455 nocte
512 423 626 465 datur,
645 433 753 465 quum
770 422 868 455 lance
886 421 988 455 beata

68 467 216 501 Dacicus
233 471 268 501 et
285 468 412 512 scripto
429 468 544 500 radiat
563 468 788 500 Germanicus
805 478 898 501 auro.

65 512 102 547 Si
119 513 185 546 tibi
203 513 407 557 simplicitas
424 513 558 555 uxoria,
576 513 716 545 deditus
732 513 796 545 uni

67 558 128 591 Est
145 559 293 602 animus,
312 559 478 591 submitte
495 562 602 601 caput
621 558 752 591 cervice
769 561 893 601 parata

67 602 168 637 Ferre
179 606 309 648 jugum
324 617 332 645 ;
355 604 492 636 nullam
508 604 663 637 invenies
681 615 757 647 quae
773 606 895 647 parcat
912 605 1055 638 amanti.

67 649 196 683 Ardeat
213 650 289 693 ipsa
305 649 398 693 licet,
416 649 598 682 tormentis
615 649 746 692 gaudet
763 649 914 682 amantis

68 694 109 727 Et
128 695 255 739 spoliis.
304 695 421 738 Igitur
436 695 538 737 longe
555 695 671 727 minus
688 695 786 728 utilis
802 694 857 727 illi
1114 698 1183 730 210

68 739 170 783 Uxor,
189 741 346 784 quisquis
364 741 430 773 erit
447 740 557 773 bonus
575 740 817 784 optandusque
833 740 990 774 maritus.

63 784 124 818 Nil
140 797 298 829 unquam
314 787 427 819 invita
444 785 586 819 donabis
604 787 751 829 conjuge
766 799 774 826 ;
799 785 926 819 vendes

67 831 141 864 Hac
159 832 318 864 obstante
334 832 424 864 nihfl
440 844 448 872 3
473 831 572 874 nihil,
591 831 664 864 haec
683 832 710 864 si
727 831 831 874 nolet,
849 835 993 866 emetur.

65 876 150 910 Haec
168 877 266 910 <labit
283 877 428 910 affectus
446 890 453 917 3
479 877 538 910 ille
555 877 764 910 excludatur
781 877 914 909 amicus

63 922 88 955 J
91 934 148 955 am
165 923 287 965 senior,
305 923 405 966 cujus
422 922 565 955 barbam
582 926 644 955 tua
657 923 768 965 janua
784 922 883 955 vidit.

62 967 228 1001 Testandi
245 980 354 1012 quum
371 969 416 1000 sit
432 968 615 1000 lenonibus
633 972 739 1011 atque
755 967 892 1001 lanistis

63 1013 228 1057 Libertas,
246 1017 281 1047 et
294 1014 384 1056 juris
401 1013 494 1046 idem
512 1014 693 1056 contingat
711 1025 834 1056 arenae,

61 1057 140 1091 Non
157 1071 248 1092 unus
265 1059 331 1092 tibi
347 1059 467 1092 rivalis
485 1059 675 1092 dictabitur
691 1059 798 1092 heres.

58 1104 77 1120 “
91 1103 185 1136 Pone
202 1114 339 1138 crucem
356 1105 555 1138 servo.''—-“
566 1105 699 1138 Meruit
716 1117 783 1149 quo
800 1106 943 1140 crimine
961 1117 1079 1141 servus

60 1148 277 1192 Supplicium
292 1150 304 1183 2
330 1152 407 1193 quis
424 1151 521 1184 testis
539 1151 636 1183 adest
652 1150 663 1183 2
689 1152 766 1194 quis
784 1152 911 1185 detulit
926 1152 938 1185 2
963 1151 1067 1194 Audi,
1104 1153 1171 1184 220

59 1193 166 1226 Nulla
183 1205 337 1238 unquam
354 1196 396 1229 de
413 1200 522 1229 morte
538 1196 687 1229 hominis
704 1199 880 1230 cunctatio
897 1197 1001 1240 longa
1017 1195 1149 1230 est.’‘—

60 1239 78 1256 ‘⁶
93 1238 120 1271 O
139 1239 288 1282 demens,
305 1241 355 1274 ita
373 1252 487 1275 servus
504 1241 605 1274 homo
622 1245 673 1274 est
688 1241 699 1275 ’.2
725 1242 776 1274 m'l
791 1243 922 1282 fecerit,
939 1247 1011 1276 esto
1025 1254 1033 1275 ι

59 1283 137 1318 Hoc
155 1286 240 1325 volo,
261 1286 309 1318 sic
322 1286 437 1329 jubeo,
456 1287 500 1319 sit
518 1298 578 1330 pro
596 1287 729 1320 ratione
746 1287 940 1320 voluntas.''

106 1328 261 1372 Imperat
280 1340 360 1371 ergo
377 1330 451 1362 viro
468 1342 474 1362 :
501 1330 560 1362 sed
577 1342 659 1363 mox
676 1331 750 1363 haec
766 1342 874 1373 regna
890 1332 1062 1376 relinquit

59 1371 312 1418 Permutatque
330 1375 446 1407 domos
464 1378 498 1408 et
515 1375 675 1409 flammea
693 1377 840 1410 conterit
856 1389 862 1410 :
888 1377 970 1412 inde

58 1419 209 1452 Avolatfl
227 1424 261 1452 et
280 1420 387 1463 spreti
404 1421 532 1464 repetit
549 1422 696 1464 vestigia
712 1422 803 1456 lecti.

58 1463 206 1497 Ornatas
224 1465 329 1508 paulo
347 1470 428 1498 ante
445 1466 544 1507 fores,
562 1468 752 1509 pendentia
768 1468 898 1512 linquit

58 1508 145 1543 Vela
163 1510 284 1544 domus
303 1514 337 1544 et
354 1511 470 1544 adhuc
487 1512 614 1545 virides
631 1513 669 1545 in
686 1513 806 1546 limine
823 1525 943 1549 ramos.

57 1554 113 1587 Sic
131 1556 252 1588 crescit
270 1568 456 1595 numerum
481 1557 529 1590 sic
547 1558 638 1590 fiunt
655 1563 731 1591 octo
747 1559 867 1592 mariti

58 1600 221 1643 Quinque
239 1613 300 1644 per
317 1606 503 1634 autumnos
521 1615 526 1636 :
553 1603 658 1636 titulo
675 1615 728 1637 res
746 1605 852 1648 digna
870 1605 1027 1650 sepulcri.
1107 1609 1175 1641 230

103 1646 325 1691 Desperanda
346 1647 411 1681 tibi
429 1648 525 1682 salva
541 1650 724 1683 concordia
741 1661 848 1684 socrU.

537 1702 548 1719 ‘¹
568 1706 688 1730 Advolat

1274 134 1277 155 1
