1284 1922
478 72 649 107 SATIRA
674 72 769 107 XIV.
1122 77 1186 107 105

62 138 178 172 Litore
195 138 332 182 Caietae,
350 149 486 172 summa
502 150 597 172 nunc
614 139 752 172 Tiburis
769 150 857 181 aree,

61 183 94 217 N
96 195 165 217 unc
183 184 407 218 Praenestinis
424 185 461 217 in
477 184 655 218 mont-ibus
672 185 746 218 alta
762 184 909 229 parabat

62 229 224 263 Culmina
240 230 413 273 villarum,
431 231 558 264 Graecis
574 230 744 275 longeque
761 231 882 275 petitis

61 274 305 316 Marmoribus,
321 276 464 310 vincens
483 276 647 310 Fortunae
665 281 771 319 atque
789 276 951 310 Herculis
969 277 1095 311 aedcm:
1141 279 1185 310 90

62 319 111 354 Ut
128 321 234 365 spado
250 321 412 355 vincebat
429 321 601 366 Capitolia
617 327 735 356 nostra
753 322 902 356 Posides.

61 365 156 399 Dum
174 367 222 401 sie
239 379 319 411 ergo
336 367 475 402 habitat
492 368 682 410 Cetronius,
700 368 880 401 imminuit
896 380 979 411 rem,

60 411 182 456 Fregit
198 424 288 457 opes,
305 424 369 446 nec
385 425 494 458 parva
510 417 629 448 tamen
645 425 809 448 mensura
825 414 954 447 relictae

61 457 177 492 Partis
195 464 288 493 erat:
314 462 426 492 totam
442 459 534 493 hanc
550 459 709 493 turbavit
726 459 820 493 filius
837 471 965 502 amens,

60 503 155 537 Dum
171 504 313 538 meliore
329 516 436 539 novas
453 505 586 539 attollit
602 517 771 539 marmore
788 506 898 539 villas.

108 549 259 591 Quidam
276 551 390 584 sortiti
406 555 621 585 metuentem
639 551 783 585 sabbata
799 556 945 596 patrem,

59 594 120 628 Nil
137 601 264 640 praeter
280 596 389 630 nubes
406 601 441 630 et
459 597 536 630 coeli
552 609 683 631 numen
700 597 857 640 adorant,

59 641 94 675 N
95 653 133 675 ec
150 641 279 676 distare
296 646 425 686 putant
441 642 597 677 humana
613 654 716 677 carne
733 643 882 686 suillam,

61 687 138 728 Qua
154 692 254 732 pater
270 688 441 722 abstinuit
455 701 462 728 ;
487 699 569 722 mox
587 692 621 722 et
638 689 810 733 praeput-ia
827 693 982 733 ponunt:

60 732 234 767 Romanas
251 737 369 767 autem
387 734 478 767 soliti
496 738 716 768 contemnere
733 735 836 778 leges,
1118 737 1183 769 100

0 811 1 819 ,
59 779 86 813 J
87 779 251 813 udaicum
268 779 428 813 ediscunt
445 784 481 813 et
499 784 638 814 servant
655 792 696 814 ae
711 783 878 814 metuunt
889 781 959 824 jus,

0 829 2 850 ἲ
58 825 218 859 Tradidit
235 837 361 860 arcano
379 826 609 870 quodcunque
625 826 801 860 volumine
818 826 951 860 Moses:

61 872 73 888 ‘
84 870 166 904 Non
183 875 374 907 monstrare
390 874 474 916 vias,
491 873 612 906 eadem
628 872 696 905 nisi
714 883 811 906 sacra
828 871 968 913 colenti,

59 915 251 957 Quaesitum
268 919 313 953 ad
330 919 464 954 fontem
481 919 570 952 solos
587 918 755 953 deducere
772 915 914 961 verpos?

58 961 126 995 Sed
143 967 243 1006 pater
259 963 296 995 in
313 974 426 1005 causa,
444 963 501 995 cui
519 962 668 1006 septima
684 973 829 1005 quaeque
845 962 915 995 fuit
931 961 995 995 lux

59 1007 204 1051 Ignara,
221 1015 256 1041 et
273 1013 408 1052 partem
425 1008 506 1041 vitae
523 1019 594 1040 non
611 1008 733 1051 attigit
749 1007 868 1041 ullam.

105 1053 235 1097 Sponte
252 1058 371 1087 tamen
383 1055 529 1097 juvenes
546 1053 732 1087 imitantur
749 1058 881 1087 cetera:
907 1053 1015 1087 solam

59 1098 170 1132 Inviti
187 1111 323 1144 quoque
341 1099 525 1133 avaritiam
542 1110 700 1132 exercere
712 1099 892 1143 jubentur.

59 1143 166 1178 Fallit
184 1146 277 1178 enim
294 1145 420 1179 vitium
437 1146 549 1189 specie
566 1145 707 1178 virtutis
725 1149 760 1178 et
776 1145 910 1188 umbra,

59 1190 176 1231 Quum
193 1191 238 1224 sit
255 1191 355 1224 triste
372 1190 496 1224 habitu
513 1191 685 1235 vultuque
702 1195 737 1224 et
755 1196 849 1225 veste
867 1202 1033 1225 severum.
1115 1193 1180 1225 110

57 1235 92 1269 N
93 1247 131 1270 ec
149 1236 252 1270 dubie
269 1241 440 1280 tanquam
456 1237 551 1280 frugi
568 1237 734 1270 laudatur
750 1248 886 1279 avarus,

57 1281 239 1326 Tanquam
255 1294 380 1326 parcus
396 1283 509 1325 homo,
526 1286 561 1316 et
577 1294 694 1316 rerum
710 1283 823 1316 tutela
841 1295 983 1316 suarum

58 1327 160 1361 Certa
176 1329 297 1372 magis,
314 1340 421 1372 quam
438 1329 466 1361 si
482 1329 640 1362 fortunas
657 1333 770 1362 servet
786 1329 926 1362 easdem

57 1373 293 1418 Hesperidum
310 1385 448 1418 serpens
465 1379 527 1407 aut
544 1374 718 1407 Ponticus.
767 1374 867 1407 Adde
883 1374 976 1418 quod
992 1374 1096 1418 hunc,
1114 1375 1157 1408 de

59 1419 134 1460 Quo
151 1419 281 1463 loquor,
299 1420 478 1463 egregium
494 1420 644 1464 populus
661 1423 764 1464 putat
781 1420 985 1463 acquirendi

57 1465 254 1499 Artificem:
279 1466 408 1510 quippe
424 1466 479 1498 his
497 1469 656 1499 crescunt
673 1466 883 1510 patrimonia
899 1466 1007 1499 fabris
1022 1468 1029 1501 Ξ

58 1510 125 1544 Sed
142 1516 302 1545 crescunt
319 1522 523 1555 quocunque
539 1512 640 1545 modo
657 1513 858 1556 majoraque
874 1512 966 1546 fiunt

58 1556 191 1590 Incude
207 1557 346 1590 assidua
363 1569 565 1601 semperque
582 1557 726 1591 ardente
742 1558 890 1593 camino.

56 1601 104 1635 Et
121 1606 220 1646 pater
236 1614 316 1646 ergo
330 1603 441 1636 animi
458 1603 575 1636 felices
592 1603 703 1637 credit
719 1615 849 1646 avarOS,

58 1648 127 1688 Qui
142 1648 300 1691 miratur,
317 1660 406 1693 opes,
423 1649 484 1693 qui
501 1649 600 1682 nulla
617 1649 778 1694 exempla
793 1649 887 1683 beati
1113 1652 1179 1684 120

58 1692 226 1737 Pauperis
243 1706 314 1728 esse
331 1699 453 1738 putat:
473 1696 620 1738 juvenes
637 1695 808 1738 hortatur,
825 1700 866 1729 ut
884 1695 982 1730 illam

60 1739 117 1774 Ire
134 1740 227 1775 viam
243 1746 401 1786 pergant,
419 1745 454 1775 et
471 1741 583 1775 eidem
600 1741 800 1775 incumbere
817 1746 927 1776 sectae.
