1284 1922
125 66 192 98 110
442 64 484 97 D.
511 63 535 96 J
539 62 604 96 UN
608 62 645 96 Π
671 63 696 97 J
699 62 937 96 UVENALIS

165 130 222 162 An
238 129 350 172 magis
368 129 545 163 oblectant
562 129 720 163 animum
732 130 869 174 jactata
885 133 1031 174 petauro

120 176 280 219 Corpora,
299 175 429 218 quique
447 175 533 208 solet
549 180 685 208 rectum
702 176 908 209 descendere
924 175 1054 220 funem,

121 222 235 262 Quam
251 224 301 263 tu,
320 221 463 264 Corycia
481 232 615 265 semper
632 222 692 265 qui
709 233 826 265 puppe
841 222 986 255 moraris

119 267 238 310 Atque
255 266 402 309 habitas,
422 267 505 300 Coro
523 278 657 311 semper
673 268 849 300 tollendus
867 271 901 300 et
918 267 1057 311 Austro,

121 313 285 346 Perditus
302 323 342 346 ac
359 313 438 345 vilis
456 313 546 346 sacci
562 317 733 346 mercator
751 313 893 346 olentis:

122 359 190 399 Qui
207 358 338 402 gaudes
355 358 486 402 pingue
503 358 655 402 antiquae
674 359 716 391 de
733 359 834 392 litore
852 359 961 392 Oretae
1172 358 1242 393 270

122 404 277 447 Passum,
295 408 330 437 et
347 404 541 448 municipes
559 404 584 438 J
586 405 658 438 ovis
676 405 856 438 advexisse
873 404 1036 448 lagenas?

123 450 196 484 Hic
212 454 332 483 tamen
348 450 496 494 ancipiti
513 450 623 493 figens
640 450 791 493 vestigia
807 450 931 494 planta

122 495 267 529 Victum
282 495 345 529 illa
360 496 517 531 mercede
534 499 636 539 parat
652 495 882 539 brumamque
898 496 1095 541 famemque

123 542 191 575 Illa
208 545 298 575 reste
315 545 432 575 cavet:
459 545 499 574 tu
516 545 657 585 propter
673 541 770 575 mille
788 542 921 575 talenta

122 587 169 620 Et
187 591 328 620 centum
345 587 446 620 villas
464 587 677 620 temerarius.
727 587 852 631 Aspice
870 591 991 631 portus

123 633 170 666 Et
187 633 332 676 plenum
349 632 485 676 magnis
503 632 660 666 trabibus
673 644 787 675 mare3
812 634 892 677 plus
909 634 1091 667 homiuum
1105 637 1158 667 est
1168 634 1245 678 jam

125 679 168 712 In
186 679 309 722 pelago
320 691 329 719 3
354 678 471 712 veniet
489 678 615 721 classis,
634 690 840 723 quocunque
857 680 990 713 vocarit

125 724 209 768 Spes
226 724 324 766 lucri,
342 735 406 757 nec
424 724 652 768 Carpathium
670 725 874 769 Gaetulaque
891 729 1032 759 tantum

122 770 277 813 AEquora
294 770 477 812 transiliet,
496 770 564 812 sed,
583 769 685 815 longe
703 770 808 814 Calpe
824 771 956 814 relicta,

125 816 255 849 Audiet
274 815 447 848 Herculeo
465 815 670 849 stridentem
687 817 826 860 gurgite
843 817 959 850 solem.
1177 819 1244 851 280

127 861 265 894 Grande
282 873 393 905 opcrae
410 862 564 905 pretium
581 866 642 904 est,
659 866 701 894 ut
718 866 816 895 tenso
833 862 917 895 folle
932 864 1060 897 reverti

127 907 214 940 Inde
232 907 373 940 domum
391 907 509 950 possis,
528 907 733 951 tumidaque
751 908 918 951 superbus
936 908 1044 952 aluta,

127 952 257 985 Oceani
273 956 428 985 monstra
445 956 480 985 et
492 953 640 996 juvenes
657 953 783 987 vidisse
800 954 961 988 marinos.

126 998 206 1031 Non
222 1009 314 1031 unus
330 1002 464 1031 mentes
481 999 594 1041 agitat
610 999 715 1032 furor.
765 999 829 1032 Ille
847 1000 968 1033 sororis

128 1044 172 1077 In
188 1044 350 1077 manibus
367 1044 471 1077 vultu
488 1044 724 1077 Eumenidum
740 1048 892 1079 terretur
909 1050 944 1079 et
960 1047 1044 1089 igni,

128 1089 198 1123 Hic
214 1089 301 1123 bove
318 1101 478 1133 percusso
495 1090 632 1133 mugire
649 1090 912 1133 Agamemnona
929 1092 1038 1125 credit

127 1136 201 1168 Aut
219 1135 390 1168 Ithacum.
439 1135 565 1168 Pareat
582 1136 711 1169 tunicis
728 1137 810 1170 licet
827 1141 934 1180 atque
950 1137 1106 1180 lacernis,

129 1181 304 1214 Curatoris
321 1184 399 1223 eget
417 1181 476 1224 qui
493 1192 617 1214 navem
634 1182 832 1215 mercibus
822 1194 895 1226 lmp
897 1183 946 1216 let

129 1227 185 1259 Ad
203 1238 375 1259 summum
393 1226 495 1269 latus,
513 1230 547 1259 et
564 1227 634 1260 tab
630 1227 684 1260 ila
701 1227 931 1271 distinguitur
948 1229 1050 1273 unda,

131 1272 247 1313 Quum
265 1272 308 1305 sit
327 1283 430 1305 causa
446 1272 530 1305 mali
547 1272 640 1305 tanti
657 1278 691 1306 et
709 1273 916 1306 discriminis
934 1274 1038 1318 hujus
1177 1277 1246 1309 290

130 1318 314 1351 Concisum
331 1322 516 1360 argentum
532 1318 570 1350 111
587 1318 708 1352 titulos
725 1318 899 1362 faciesque
915 1320 1080 1355 minutas.

126 1363 322 1397 Occurrunt
339 1363 448 1396 nubes
466 1367 501 1397 et
517 1365 681 1408 fulgura:
710 1365 866 1399 “solvite
883 1365 1037 1409 funemss'

127 1410 309 1442 Frumenti
327 1409 487 1442 dominus
504 1410 632 1443 clamat
650 1410 847 1455 piperisque
864 1412 1013 1445 coemti·
1004 1437 1014 1453 ‚

128 1455 222 1488 ‘Nil
239 1455 330 1488 color
348 1454 404 1487 hic
422 1455 509 1497 coeli,
526 1456 577 1489 nil
594 1456 700 1489 fascia
718 1456 819 1499 nigla
836 1457 1021 1499 minatur3

126 1500 303 1536 AEstivum
320 1499 452 1532 tonat.⁷’
503 1501 631 1534 Infelix
650 1501 714 1534 hac
731 1502 903 1536 forsitan
893 1513 969 1546 1psa

131 1544 242 1577 Nocte
259 1544 360 1577 cadet
377 1544 498 1577 fractis
516 1544 681 1588 trabibus,
699 1546 876 1590 fluctuque
893 1551 1069 1591 premetur

132 1589 294 1633 Obrutus,
313 1594 348 1623 et
365 1601 487 1623 zonam
504 1590 591 1623 laeva
607 1602 792 1635 morsuque
809 1592 951 1626 tenebit.

132 1635 199 1668 Sed
217 1636 315 1678 cujus
333 1636 421 1668 votis
438 1636 539 1669 modo
556 1647 625 1669 non
644 1637 824 1670 suffecerat
841 1649 905 1670 aur
908 1650 976 1679 um,

133 1681 231 1721 Quod
249 1681 362 1724 Tagus
380 1685 414 1714 et
431 1682 538 1714 rutila
556 1682 664 1715 1011111)
682 1682 843 1716 Pactolus
860 1694 975 1727 arena,

131 1726 274 1770 Frigida
292 1726 464 1760 sufficient
482 1727 662 1761 velantes'
654 1729 798 1772 mguina
815 1729 924 1772 panni
1178 1735 1246 1766 300
