1284 1922
532 55 706 92 SATIRA
726 56 767 91 V.
1142 56 1207 88 139

89 126 238 161 Herodis
255 138 379 161 venere
395 126 478 170 dies,
495 129 670 169 unctaque
686 125 840 159 fenestra
1142 124 1208 156 180

88 173 275 218 Dispositae
292 173 459 217 pinguem
475 171 637 206 nebulam
656 182 818 205 vomuere
834 169 986 204 lucemae

87 218 272 254 Portantes
289 219 407 262 violas,
424 218 637 262 rubrumque
653 217 816 262 amplexa
832 216 989 250 catinum

87 264 206 299 Gauda
222 269 323 299 natat
340 264 477 307 thunni‚
495 268 608 298 tumet
624 263 705 297 alba
720 263 838 296 fidelia
854 262 953 296 vino:

86 309 199 345 Labra
215 322 332 345 moves
348 311 487 352 tacitus,
504 309 725 353 recutitaque
742 308 887 342 sabbata
902 307 1021 352 panes.

85 355 184 390 Tunc
200 357 293 401 nigri
309 356 457 389 lemures
473 366 604 399 ovoque
621 354 777 399 pericula
792 358 906 398 rupto,

85 401 199 435 Tunci
215 402 364 447 grandes
378 401 470 435 Galli
486 405 522 434 et
539 412 618 434 cum
636 401 737 434 sistro
753 400 850 434 lusca
866 398 1023 434 sacerdos

85 447 265 483 Incussere
282 449 372 482 Deos
388 447 552 481 inflantes
569 457 720 490 corpora,
738 447 768 480 si
784 457 855 480 non

84 492 298 528 Praedictum
314 499 368 527 ter
384 504 486 527 mane
504 497 610 536 caput
627 492 821 536 gustaveris
838 491 912 525 alli.

130 540 270 574 Dixeris
286 540 362 573 haec
378 539 472 573 inter
487 539 658 572 varicosos
676 538 912 581 Centuriones,

83 584 255 620 Continuo
272 597 424 620 crassum
439 584 531 619 ridet
548 583 754 618 Vquem'usk
771 583 905 627 ingens,
1141 583 1206 616 190

82 630 130 665 Et
146 636 288 667 centum
306 632 443 667 Graecos
460 634 559 665 curto
577 633 738 665 centusse
754 629 888 664 licetur.

544 808 737 819 mm

482 931 712 969 SATIRA
739 931 810 968 VI.

79 1036 256 1071 ADMovrr
269 1037 345 1081 jam
360 1034 486 1069 bruma
501 1034 577 1069 foco
593 1037 638 1077 te,
656 1034 770 1077 Basse,
788 1031 939 1068 Sabino?

79 1083 105 1117 J
106 1095 208 1117 amne
225 1083 302 1126 lyra
318 1086 354 1115 et
370 1081 493 1115 tetrico
510 1081 636 1115 vivunt
652 1080 719 1114 tibi
735 1080 873 1124 pectine
890 1077 1052 1113 chordae?

78 1128 169 1162 Mire
187 1129 314 1173 opifex,
330 1127 484 1161 numeris
500 1131 668 1169 veterum,
685 1125 874 1170 primordia
890 1137 1007 1158 rerum

78 1175 195 1219 Atque
210 1186 342 1208 marem
359 1173 545 1217 strepitum
561 1172 639 1205 fidis
655 1171 846 1205 intendisse
860 1171 1005 1214 Latinae‚

78 1220 164 1254 Mox
177 1222 324 1265 juvenes
341 1220 474 1264 agitare
486 1218 589 1263 jocis¹
607 1222 643 1251 et
660 1218 785 1262 pollice
802 1216 947 1251 honesto

79 1266 252 1311 Egregius
263 1276 287 1291 ¹¹¹
304 1266 424 1299 lusisse
441 1275 548 1298 senes.
590 1264 682 1297 Mihi
699 1274 792 1297 nunc
810 1263 916 1307 Ligus
933 1273 992 1296 ora

79 1312 230 1357 Intepet,
247 1312 477 1354 hibernatque
493 1321 612 1343 meum
627 1321 732 1352 mare,
750 1320 819 1353 qua
835 1308 929 1342 latus
945 1309 1070 1352 ingens

77 1358 174 1392 Dant
192 1358 333 1402 scopuli,
350 1361 385 1391 et
400 1357 514 1390 multa
530 1356 615 1389 litus
632 1366 668 1388 se
684 1355 775 1388 valle
791 1358 957 1398 receptat.

77 1403 203 1438 Lunai
212 1408 380 1449 portum¹¹
396 1407 442 1436 est
458 1412 567 1446 operoe
582 1411 782 1444 coymscere,
799 1398 913 1433 cives!

78 1450 143 1483 Cor
153 1449 255 1494 jubet
271 1449 336 1483 hoc
353 1448 458 1491 Enni,
476 1452 661 1492 postquam
677 1446 862 1479 destertuit
879 1456 952 1479 esse
1155 1445 1197 1477 10

77 1495 268 1529 Maeonides
286 1495 448 1536 QuintuS,
465 1504 600 1537 pavone
617 1503 661 1525 ex
678 1491 908 1535 Pythagoreo.

78 1541 148 1575 Hic
166 1552 228 1584 ego
246 1552 386 1574 securus
402 1539 501 1582 vulgi
519 1542 554 1572 et
572 1537 657 1582 quid
674 1541 848 1581 praeparet
864 1537 993 1571 Auster

79 1586 210 1620 Infelix
227 1586 351 1631 pecori,
369 1595 509 1619 securus
526 1588 562 1617 et
579 1583 730 1627 angulus
746 1583 807 1616 ille

78 1631 196 1667 Vicini
211 1636 328 1666 nostro
345 1631 429 1676 quia
444 1629 631 1675 pinguior3
661 1626 728 1666 etsi
744 1631 830 1666 adeo
847 1640 963 1664 omnes

141 1701 149 1720 ί
178 1699 243 1724 hinc
256 1706 297 1733 gr.
449 1697 460 1714 Β
480 1696 579 1722 Pulfen
702 1696 709 1714 ¹
723 1697 801 1728 jocos
960 1699 981 1714 Ι*
1000 1690 1124 1728 egregios

542 1736 555 1749 ⁸
574 1733 604 1758 L.
617 1732 735 1765 pretium
