1284 1922
473 69 643 103 SATfflA
669 70 730 104 XI.
1119 72 1164 104 89

43 134 90 169 Et
107 136 272 179 casulam,
290 140 324 170 et
342 140 440 170 notos
458 137 568 170 tristis
585 136 758 170 desiderat
775 137 901 180 haedos,

44 180 196 225 Ingenui
212 183 332 216 vultus
349 194 436 226 puer
452 183 666 226 ingenuique
683 183 835 226 pudoris,

42 226 170 267 Quales
187 239 259 261 esse
276 228 384 270 decet,
405 239 489 271 quos
507 228 631 261 ardeus
648 240 805 272 purpura
822 230 947 263 vestit:

40 271 73 305 N
76 284 114 306 ec
132 273 320 317 pugillares
338 273 449 307 defert
466 274 504 306 in
521 273 645 307 balnea
661 286 788 307 raucus

42 317 244 362 Testiculos,
261 330 325 352 nee
342 319 519 352 vellendas
531 320 607 362 jam
624 319 775 363 praebuit
792 320 874 364 alas,

43 363 165 397 Crassa
182 375 245 398 nec
263 365 420 408 opposito
437 365 585 409 pavidus
603 366 692 408 tegit
710 366 986 410 inguina-gutte.

39 407 109 442 Hic
127 409 192 442 tibi
210 410 292 444 vina
309 409 416 453 dabit,
435 411 561 444 diffusa
577 411 615 443 in
631 411 808 444 montibus
826 412 906 454 illis,

37 454 69 488 A
87 455 213 499 quibus
230 456 304 500 ipse
321 457 427 499 venit,
445 467 592 500 quorum
609 456 673 489 sub
689 457 818 490 vertice
836 457 939 491 lusit:
1100 461 1164 492 160

37 499 200 544 Namque
217 513 288 535 una
305 506 411 545 atque
429 502 550 535 eadem
567 506 618 535 est
635 502 709 535 vini
726 503 841 546 patria
857 509 962 548 atque
979 504 1140 538 ministri.

37 545 199 580 Forsitan
216 552 404 591 exspectes,
422 552 464 581 ut
482 547 657 582 Gaditana
673 559 799 581 canoro

38 591 192 636 Incipiat
209 593 345 636 prurire
363 593 475 636 choro,
494 594 690 637 plausuque
708 593 862 638 probatae

36 637 93 670 Ad
111 642 239 671 terram
256 639 404 672 tremulo
422 639 634 672 descendant
652 639 753 672 clune
771 640 914 683 puelloe:

35 682 236 727 [Spectant-‚³
253 684 318 718 hoc
336 690 454 729 nuptae
466 686 574 728 juxta
590 684 779 718 recubante
796 686 932 728 marito,

37 728 136 770 Quod
154 730 286 774 pudeat
303 742 460 763 narrasse
477 731 629 774 aliquem
646 731 874 774 praa-sentibus
891 732 974 776 ipsis
986 732 1014 777 z]

36 773 301 809 Irritamentum
320 776 464 809 Veneris
481 776 682 819 languentis
700 781 734 809 et
751 788 846 809 acres

34 819 165 854 Divitis
182 821 314 855 urticae.
363 821 478 865 Major
495 826 613 855 tamen
630 822 698 855 ista
715 822 877 866 voluptas

33 865 190 900 Alterius
208 878 332 901 sexus:
357 868 469 911 magis
486 868 545 900 ille
563 868 777 911 extenditur,
794 873 829 901 et
847 880 929 902 mox

33 911 188 945 Auribus
205 917 311 956 atque
328 913 435 946 oculis
454 918 620 957 concepta
635 914 738 946 urina
754 919 921 948 movetur.
1095 916 1160 949 170

33 956 113 991 Non
132 959 231 1002 capit.
244 958 306 992 has
323 970 433 1002 nugas
451 959 594 992 humilis
612 959 751 993 domus:
777 960 898 993 audiat
915 960 975 993 ille

33 1003 217 1037 'festarum
235 1005 386 1048 crepitus
404 1016 484 1037 cum
501 1004 622 1047 verbis,
640 1005 777 1038 nudum
795 1005 886 1038 olido
904 1010 1000 1039 stans

33 1047 61 1082 F
64 1050 179 1083 ornice
195 1050 412 1093 mancipium
430 1050 555 1093 quibus
572 1050 743 1092 abstinet3
767 1050 827 1084 ille
843 1051 982 1085 fruatur

33 1093 185 1128 Vocibus
203 1095 370 1128 obscoenis
387 1096 552 1138 omnique
568 1095 724 1129 libidinis
741 1101 834 1136 arte·‚

33 1140 102 1181 Qui
120 1141 422 1174 Lacedaemonium
439 1141 628 1185 pytismate
646 1141 796 1175 lubricat
813 1142 939 1176 orbem.

32 1185 192 1230 Namque
209 1186 258 1220 ibi
275 1187 426 1220 fortunae
444 1187 583 1220 veniam
601 1187 744 1221 damus:
770 1188 846 1222 alea
864 1188 986 1232 turpis,

32 1231 147 1276 Turpe
165 1237 200 1265 et
217 1232 431 1265 adulterium
449 1233 688 1267 mediocribus.
738 1233 825 1267 Haec
842 1234 963 1267 eadem
980 1233 1034 1268 illi

33 1276 158 1312 Omnia
177 1290 286 1321 quum
303 1279 449 1321 faciunt,
467 1278 595 1312 hilares
612 1279 787 1322 nitidique
804 1283 982 1313 vocantur.

30 1322 159 1357 Nostra
176 1323 312 1357 dabunt
330 1324 414 1357 alios
431 1324 533 1357 hodie
551 1325 712 1358 convivia
728 1325 845 1358 ludos:

33 1368 199 1402 Conditor
216 1369 344 1402 Iliados
363 1369 571 1413 cantabitur,
591 1375 696 1413 atque
713 1370 868 1403 Maronis
1092 1373 1157 1404 180

31 1414 183 1448 Altisoni
201 1415 343 1448 dubiam
359 1415 528 1448 facientia
545 1416 699 1449 carmina
715 1416 878 1459 palmam.

33 1460 125 1502 Quid
142 1461 258 1503 refert,
275 1461 363 1494 tales
380 1472 499 1494 versus
517 1472 586 1504 qua
603 1472 686 1494 voce
702 1461 889 1505 legantur?

20 1522 28 1528 -
79 1505 146 1539 Sed
163 1517 258 1539 nunc
275 1506 393 1539 dilatis
411 1511 528 1540 averte
544 1507 685 1550 negotia
703 1507 794 1540 curis

32 1550 79 1584 Et
95 1556 234 1595 gratam
249 1552 404 1595 requiem
422 1552 512 1585 dona
529 1552 604 1595 tibi,
622 1553 760 1596 quando
778 1552 898 1587 licebit

33 1595 100 1630 Per
116 1602 229 1630 totam
245 1609 377 1631 cessare
394 1598 504 1631 diem:
529 1609 596 1631 non
614 1598 742 1631 fenoris
758 1599 832 1632 ulla

33 1642 179 1685 Mentio,
196 1654 269 1686 nec,
287 1644 400 1687 prima
418 1643 447 1675 si
463 1643 541 1676 luce
559 1655 694 1686 egressa
709 1645 838 1678 reverti

35 1687 146 1722 Nocte
163 1688 260 1732 solet,
277 1689 386 1722 tacito
403 1688 510 1723 bilem
528 1688 593 1721 tibi
611 1689 794 1744 contrahat
811 1702 909 1733 uxor,

152 1751 163 1770 ἰ
178 1756 316 1788 Spectent.
331 1756 379 1782 sed
393 1757 460 1782 duos
475 1756 524 1782 hos
537 1765 630 1783 versus
645 1757 695 1782 alii
708 1761 769 1791 post
780 1766 807 1784 v.
822 1758 875 1783 202
891 1759 1038 1784 collocant.
