<?xml version="1.0" encoding="UTF-8"?>
<!DOCTYPE html PUBLIC "-//W3C//DTD XHTML 1.0 Transitional//EN"
    "http://www.w3.org/TR/xhtml1/DTD/xhtml1-transitional.dtd">
<html xmlns="http://www.w3.org/1999/xhtml" xml:lang="en" lang="en">
 <head>
  <title>
</title>
<meta http-equiv="Content-Type" content="text/html;charset=utf-8" />
  <meta name='ocr-system' content='tesseract 3.04.00' />
  <meta name='ocr-capabilities' content='ocr_page ocr_carea ocr_par ocr_line ocrx_word'/>
</head>
<body>
  <div class='ocr_page' id='page_1' title='image "./juvenalisetpersi00juveuoft_0068.png"; bbox 0 0 1284 1922; ppageno 0'>
   <div class='ocr_carea' id='block_1_1' title="bbox 42 87 840 124">
    <p class='ocr_par' dir='ltr' id='par_1_1' title="bbox 42 87 840 124">
     <span class='ocr_line' id='line_1_1' title="bbox 42 87 840 124; baseline -0.004 0"><span class='ocrx_word' id='word_1_1' title='bbox 42 92 85 124; x_wconf 90' lang='lat'>60</span> <span class='ocrx_word' id='word_1_2' title='bbox 363 90 405 124; x_wconf 94' lang='lat' dir='ltr'>D.</span> <span class='ocrx_word' id='word_1_3' title='bbox 424 90 448 124; x_wconf 85' lang='lat' dir='ltr'><strong>J</strong></span> <span class='ocrx_word' id='word_1_4' title='bbox 451 89 516 123; x_wconf 81' lang='grc' dir='ltr'>ΠΝ</span> <span class='ocrx_word' id='word_1_5' title='bbox 520 89 557 122; x_wconf 89' lang='lat'>11</span> <span class='ocrx_word' id='word_1_6' title='bbox 575 89 599 123; x_wconf 86' lang='lat' dir='ltr'><strong>J</strong></span> <span class='ocrx_word' id='word_1_7' title='bbox 603 87 840 123; x_wconf 84' lang='lat' dir='ltr'>UVENALIS</span> 
     </span>
    </p>
   </div>
   <div class='ocr_carea' id='block_1_2' title="bbox 41 156 1178 1802">
    <p class='ocr_par' dir='ltr' id='par_1_2' title="bbox 41 156 870 200">
     <span class='ocr_line' id='line_1_2' title="bbox 41 156 870 200; baseline -0.006 -7"><span class='ocrx_word' id='word_1_8' title='bbox 41 158 78 193; x_wconf 91' lang='lat' dir='ltr'>Si</span> <span class='ocrx_word' id='word_1_9' title='bbox 95 159 188 193; x_wconf 83' lang='lat' dir='ltr'>volet</span> <span class='ocrx_word' id='word_1_10' title='bbox 204 158 278 192; x_wconf 87' lang='lat' dir='ltr'>haec</span> <span class='ocrx_word' id='word_1_11' title='bbox 295 158 426 200; x_wconf 79' lang='lat' dir='ltr'>eadem,</span> <span class='ocrx_word' id='word_1_12' title='bbox 443 158 503 191; x_wconf 80' lang='lat' dir='ltr'>fies</span> <span class='ocrx_word' id='word_1_13' title='bbox 521 158 563 191; x_wconf 90' lang='lat' dir='ltr'>de</span> <span class='ocrx_word' id='word_1_14' title='bbox 581 156 728 191; x_wconf 78' lang='lat' dir='ltr'>Consule</span> <span class='ocrx_word' id='word_1_15' title='bbox 744 156 870 189; x_wconf 78' lang='lat' dir='ltr'>rhetor.</span> 
     </span>
    </p>

    <p class='ocr_par' dir='ltr' id='par_1_3' title="bbox 42 198 1166 339">
     <span class='ocr_line' id='line_1_3' title="bbox 42 198 1128 248; baseline -0.006 -10"><span class='ocrx_word' id='word_1_16' title='bbox 42 204 230 238; x_wconf 76' lang='lat' dir='ltr'>Ventidius</span> <span class='ocrx_word' id='word_1_17' title='bbox 247 204 332 248; x_wconf 86' lang='lat' dir='ltr'>quid</span> <span class='ocrx_word' id='word_1_18' title='bbox 350 204 443 237; x_wconf 86' lang='lat' dir='ltr'>enim</span> <span class='ocrx_word' id='word_1_19' title='bbox 458 204 470 237; x_wconf 72' lang='lat'>2</span> <span class='ocrx_word' id='word_1_20' title='bbox 496 203 581 247; x_wconf 90' lang='lat' dir='ltr'>quid</span> <span class='ocrx_word' id='word_1_21' title='bbox 598 201 760 236; x_wconf 64' lang='lat' dir='ltr'>Tullius?</span> <span class='ocrx_word' id='word_1_22' title='bbox 787 211 877 234; x_wconf 81' lang='lat' dir='ltr'>anne</span> <span class='ocrx_word' id='word_1_23' title='bbox 895 198 1003 243; x_wconf 85' lang='lat' dir='ltr'>aliud,</span> <span class='ocrx_word' id='word_1_24' title='bbox 1022 209 1128 243; x_wconf 77' lang='lat' dir='ltr'>quam</span> 
     </span>
     <span class='ocr_line' id='line_1_4' title="bbox 43 245 1166 293; baseline -0.005 -10"><span class='ocrx_word' id='word_1_25' title='bbox 43 249 147 284; x_wconf 82' lang='lat' dir='ltr'>Sidus</span> <span class='ocrx_word' id='word_1_26' title='bbox 165 254 199 284; x_wconf 89' lang='lat' dir='ltr'>et</span> <span class='ocrx_word' id='word_1_27' title='bbox 216 250 345 283; x_wconf 87' lang='lat' dir='ltr'>occulti</span> <span class='ocrx_word' id='word_1_28' title='bbox 361 249 521 282; x_wconf 82' lang='lat' dir='ltr'>miranda</span> <span class='ocrx_word' id='word_1_29' title='bbox 538 249 696 293; x_wconf 84' lang='lat' dir='ltr'>potentia</span> <span class='ocrx_word' id='word_1_30' title='bbox 712 247 779 281; x_wconf 85' lang='lat' dir='ltr'>fati</span> <span class='ocrx_word' id='word_1_31' title='bbox 793 247 805 281; x_wconf 74' lang='grc' dir='ltr'>’ἒ</span> <span class='ocrx_word' id='word_1_32' title='bbox 1098 245 1166 277; x_wconf 87' lang='grc'>200</span> 
     </span>
     <span class='ocr_line' id='line_1_5' title="bbox 43 292 923 339; baseline -0.005 -10"><span class='ocrx_word' id='word_1_33' title='bbox 43 295 157 330; x_wconf 81' lang='lat' dir='ltr'>Servis</span> <span class='ocrx_word' id='word_1_34' title='bbox 174 307 282 339; x_wconf 82' lang='lat' dir='ltr'>regna</span> <span class='ocrx_word' id='word_1_35' title='bbox 300 295 444 339; x_wconf 83' lang='lat' dir='ltr'>dabunt,</span> <span class='ocrx_word' id='word_1_36' title='bbox 462 295 610 339; x_wconf 79' lang='lat' dir='ltr'>captivis</span> <span class='ocrx_word' id='word_1_37' title='bbox 626 295 702 328; x_wconf 81' lang='lat' dir='ltr'>fata</span> <span class='ocrx_word' id='word_1_38' title='bbox 718 292 923 337; x_wconf 82' lang='lat' dir='ltr'>triumphos.</span> 
     </span>
    </p>

    <p class='ocr_par' dir='ltr' id='par_1_4' title="bbox 44 339 860 385">
     <span class='ocr_line' id='line_1_6' title="bbox 44 339 860 385; baseline -0.005 -10"><span class='ocrx_word' id='word_1_39' title='bbox 44 341 147 375; x_wconf 80' lang='lat' dir='ltr'>Felix</span> <span class='ocrx_word' id='word_1_40' title='bbox 163 342 223 375; x_wconf 89' lang='lat' dir='ltr'>ille</span> <span class='ocrx_word' id='word_1_41' title='bbox 240 345 359 375; x_wconf 83' lang='lat' dir='ltr'>tamen</span> <span class='ocrx_word' id='word_1_42' title='bbox 377 352 477 374; x_wconf 83' lang='lat' dir='ltr'>corvo</span> <span class='ocrx_word' id='word_1_43' title='bbox 495 352 630 385; x_wconf 85' lang='lat' dir='ltr'>quoque</span> <span class='ocrx_word' id='word_1_44' title='bbox 647 339 756 373; x_wconf 80' lang='lat' dir='ltr'>rarior</span> <span class='ocrx_word' id='word_1_45' title='bbox 773 339 860 372; x_wconf 83' lang='lat' dir='ltr'>albo.</span> 
     </span>
    </p>

    <p class='ocr_par' dir='ltr' id='par_1_5' title="bbox 44 385 892 429">
     <span class='ocr_line' id='line_1_7' title="bbox 44 385 892 429; baseline -0.005 -8"><span class='ocrx_word' id='word_1_46' title='bbox 44 386 217 421; x_wconf 85' lang='lat' dir='ltr'>Poenituit</span> <span class='ocrx_word' id='word_1_47' title='bbox 233 387 362 420; x_wconf 86' lang='lat' dir='ltr'>multos</span> <span class='ocrx_word' id='word_1_48' title='bbox 379 397 478 420; x_wconf 80' lang='lat' dir='ltr'>vanae</span> <span class='ocrx_word' id='word_1_49' title='bbox 496 387 691 429; x_wconf 86' lang='lat' dir='ltr'>sterilisque</span> <span class='ocrx_word' id='word_1_50' title='bbox 709 385 892 427; x_wconf 85' lang='lat' dir='ltr'>cathedrae,</span> 
     </span>
    </p>

    <p class='ocr_par' dir='ltr' id='par_1_6' title="bbox 44 429 977 477">
     <span class='ocr_line' id='line_1_8' title="bbox 44 429 977 477; baseline -0.004 -11"><span class='ocrx_word' id='word_1_51' title='bbox 44 432 144 466; x_wconf 88' lang='lat' dir='ltr'>Sicut</span> <span class='ocrx_word' id='word_1_52' title='bbox 161 433 411 477; x_wconf 81' lang='lat' dir='ltr'>Thrasymachi</span> <span class='ocrx_word' id='word_1_53' title='bbox 428 432 552 476; x_wconf 82' lang='lat' dir='ltr'>probat</span> <span class='ocrx_word' id='word_1_54' title='bbox 570 432 685 465; x_wconf 77' lang='lat' dir='ltr'>exitus</span> <span class='ocrx_word' id='word_1_55' title='bbox 702 435 808 474; x_wconf 81' lang='lat' dir='ltr'>atque</span> <span class='ocrx_word' id='word_1_56' title='bbox 826 429 977 464; x_wconf 77' lang='lat' dir='ltr'>Secundi</span> 
     </span>
    </p>

    <p class='ocr_par' dir='ltr' id='par_1_7' title="bbox 45 477 907 521">
     <span class='ocr_line' id='line_1_9' title="bbox 45 477 907 521; baseline -0.005 -9"><span class='ocrx_word' id='word_1_57' title='bbox 45 479 217 512; x_wconf 83' lang='lat' dir='ltr'>Carinatis</span> <span class='ocrx_word' id='word_1_58' title='bbox 232 491 238 512; x_wconf 92' lang='lat'>:</span> <span class='ocrx_word' id='word_1_59' title='bbox 264 483 299 512; x_wconf 89' lang='lat' dir='ltr'>et</span> <span class='ocrx_word' id='word_1_60' title='bbox 315 479 410 511; x_wconf 91' lang='lat' dir='ltr'>hunc</span> <span class='ocrx_word' id='word_1_61' title='bbox 428 479 567 521; x_wconf 83' lang='lat' dir='ltr'>inopem</span> <span class='ocrx_word' id='word_1_62' title='bbox 583 477 731 519; x_wconf 85' lang='lat' dir='ltr'>vidistis,</span> <span class='ocrx_word' id='word_1_63' title='bbox 749 477 907 519; x_wconf 81' lang='lat' dir='ltr'>Athenae,</span> 
     </span>
    </p>

    <p class='ocr_par' dir='ltr' id='par_1_8' title="bbox 44 523 838 569">
     <span class='ocr_line' id='line_1_10' title="bbox 44 523 838 569; baseline -0.003 -11"><span class='ocrx_word' id='word_1_64' title='bbox 44 524 106 558; x_wconf 88' lang='lat' dir='ltr'>Nil</span> <span class='ocrx_word' id='word_1_65' title='bbox 122 528 249 569; x_wconf 83' lang='lat' dir='ltr'>praeter</span> <span class='ocrx_word' id='word_1_66' title='bbox 264 524 397 568; x_wconf 79' lang='lat' dir='ltr'>gelidas</span> <span class='ocrx_word' id='word_1_67' title='bbox 414 535 505 557; x_wconf 80' lang='lat' dir='ltr'>ausae</span> <span class='ocrx_word' id='word_1_68' title='bbox 524 524 678 556; x_wconf 84' lang='lat' dir='ltr'>conferre</span> <span class='ocrx_word' id='word_1_69' title='bbox 697 523 838 556; x_wconf 82' lang='lat' dir='ltr'>cicutas.</span> 
     </span>
    </p>

    <p class='ocr_par' dir='ltr' id='par_1_9' title="bbox 45 567 1055 660">
     <span class='ocr_line' id='line_1_11' title="bbox 45 567 1055 614; baseline -0.005 -10"><span class='ocrx_word' id='word_1_70' title='bbox 45 570 104 613; x_wconf 83' lang='lat' dir='ltr'>Di,</span> <span class='ocrx_word' id='word_1_71' title='bbox 121 572 293 614; x_wconf 85' lang='lat' dir='ltr'>majorum</span> <span class='ocrx_word' id='word_1_72' title='bbox 309 569 440 602; x_wconf 87' lang='lat' dir='ltr'>umbris</span> <span class='ocrx_word' id='word_1_73' title='bbox 457 573 600 602; x_wconf 85' lang='lat' dir='ltr'>tenuem</span> <span class='ocrx_word' id='word_1_74' title='bbox 618 572 652 602; x_wconf 89' lang='lat' dir='ltr'>et</span> <span class='ocrx_word' id='word_1_75' title='bbox 670 569 743 601; x_wconf 87' lang='lat' dir='ltr'>sine</span> <span class='ocrx_word' id='word_1_76' title='bbox 759 567 910 612; x_wconf 84' lang='lat' dir='ltr'>pondere</span> <span class='ocrx_word' id='word_1_77' title='bbox 927 570 1055 600; x_wconf 83' lang='lat' dir='ltr'>terram</span> 
     </span>
     <span class='ocr_line' id='line_1_12' title="bbox 46 615 951 660; baseline -0.004 -11"><span class='ocrx_word' id='word_1_78' title='bbox 46 616 295 660; x_wconf 83' lang='lat' dir='ltr'>Spirantesque</span> <span class='ocrx_word' id='word_1_79' title='bbox 312 627 426 648; x_wconf 82' lang='lat' dir='ltr'>crocos</span> <span class='ocrx_word' id='word_1_80' title='bbox 443 619 478 648; x_wconf 87' lang='lat' dir='ltr'>et</span> <span class='ocrx_word' id='word_1_81' title='bbox 495 615 533 648; x_wconf 91' lang='lat' dir='ltr'>in</span> <span class='ocrx_word' id='word_1_82' title='bbox 549 626 639 647; x_wconf 70' lang='lat' dir='ltr'>iuna</span> <span class='ocrx_word' id='word_1_83' title='bbox 655 619 865 658; x_wconf 86' lang='lat' dir='ltr'>perpetuum</span> <span class='ocrx_word' id='word_1_84' title='bbox 881 624 951 656; x_wconf 84' lang='lat' dir='ltr'>ver,</span> 
     </span>
    </p>

    <p class='ocr_par' dir='ltr' id='par_1_10' title="bbox 47 659 836 706">
     <span class='ocr_line' id='line_1_13' title="bbox 47 659 836 706; baseline -0.004 -12"><span class='ocrx_word' id='word_1_85' title='bbox 47 662 116 702; x_wconf 86' lang='lat' dir='ltr'>Qui</span> <span class='ocrx_word' id='word_1_86' title='bbox 132 665 380 706; x_wconf 84' lang='lat' dir='ltr'>praeceptorem</span> <span class='ocrx_word' id='word_1_87' title='bbox 398 661 509 694; x_wconf 85' lang='lat' dir='ltr'>sancti</span> <span class='ocrx_word' id='word_1_88' title='bbox 526 660 665 694; x_wconf 88' lang='lat' dir='ltr'>voluere</span> <span class='ocrx_word' id='word_1_89' title='bbox 682 659 836 703; x_wconf 82' lang='lat' dir='ltr'>parentis</span> 
     </span>
    </p>

    <p class='ocr_par' dir='ltr' id='par_1_11' title="bbox 46 705 1172 797">
     <span class='ocr_line' id='line_1_14' title="bbox 46 705 1172 750; baseline -0.004 -10"><span class='ocrx_word' id='word_1_90' title='bbox 46 707 131 740; x_wconf 88' lang='lat' dir='ltr'>Esse</span> <span class='ocrx_word' id='word_1_91' title='bbox 148 708 221 741; x_wconf 90' lang='lat' dir='ltr'>loco</span> <span class='ocrx_word' id='word_1_92' title='bbox 237 710 243 742; x_wconf 86' lang='lat'>!</span> <span class='ocrx_word' id='word_1_93' title='bbox 271 707 434 740; x_wconf 86' lang='lat' dir='ltr'>Metuens</span> <span class='ocrx_word' id='word_1_94' title='bbox 451 707 558 750; x_wconf 86' lang='lat' dir='ltr'>virgae</span> <span class='ocrx_word' id='word_1_95' title='bbox 572 707 648 749; x_wconf 86' lang='lat' dir='ltr'>jam</span> <span class='ocrx_word' id='word_1_96' title='bbox 664 705 806 749; x_wconf 71' lang='lat' dir='ltr'>grandis</span> <span class='ocrx_word' id='word_1_97' title='bbox 823 705 977 738; x_wconf 88' lang='lat' dir='ltr'>Achilles</span> <span class='ocrx_word' id='word_1_98' title='bbox 1104 705 1172 736; x_wconf 84' lang='grc'>210</span> 
     </span>
     <span class='ocr_line' id='line_1_15' title="bbox 47 752 955 797; baseline -0.003 -11"><span class='ocrx_word' id='word_1_99' title='bbox 47 753 220 787; x_wconf 81' lang='lat' dir='ltr'>Cantabat</span> <span class='ocrx_word' id='word_1_100' title='bbox 237 753 360 797; x_wconf 86' lang='lat' dir='ltr'>patriis</span> <span class='ocrx_word' id='word_1_101' title='bbox 378 753 414 785; x_wconf 90' lang='lat' dir='ltr'>in</span> <span class='ocrx_word' id='word_1_102' title='bbox 431 752 607 785; x_wconf 87' lang='lat' dir='ltr'>montibus</span> <span class='ocrx_word' id='word_1_103' title='bbox 622 763 628 785; x_wconf 90' lang='lat'>:</span> <span class='ocrx_word' id='word_1_104' title='bbox 655 756 690 784; x_wconf 89' lang='lat' dir='ltr'>et</span> <span class='ocrx_word' id='word_1_105' title='bbox 707 753 765 784; x_wconf 81' lang='lat' dir='ltr'>cu&#39;i&#39;</span> <span class='ocrx_word' id='word_1_106' title='bbox 782 762 852 784; x_wconf 89' lang='lat' dir='ltr'>non</span> <span class='ocrx_word' id='word_1_107' title='bbox 870 754 955 784; x_wconf 86' lang='lat' dir='ltr'>tunc</span> 
     </span>
    </p>

    <p class='ocr_par' dir='ltr' id='par_1_12' title="bbox 47 796 857 840">
     <span class='ocr_line' id='line_1_16' title="bbox 47 796 857 840; baseline -0.004 -8"><span class='ocrx_word' id='word_1_108' title='bbox 47 798 199 832; x_wconf 85' lang='lat' dir='ltr'>Eliceret</span> <span class='ocrx_word' id='word_1_109' title='bbox 216 800 325 831; x_wconf 84' lang='lat' dir='ltr'>risum</span> <span class='ocrx_word' id='word_1_110' title='bbox 343 798 525 832; x_wconf 83' lang='lat' dir='ltr'>citharoedi</span> <span class='ocrx_word' id='word_1_111' title='bbox 543 798 654 831; x_wconf 80' lang='lat' dir='ltr'>cauda</span> <span class='ocrx_word' id='word_1_112' title='bbox 670 797 830 840; x_wconf 76' lang='lat' dir='ltr'>magistri</span> <span class='ocrx_word' id='word_1_113' title='bbox 845 796 857 829; x_wconf 72' lang='lat'>2</span> 
     </span>
    </p>

    <p class='ocr_par' dir='ltr' id='par_1_13' title="bbox 48 843 1071 934">
     <span class='ocr_line' id='line_1_17' title="bbox 48 843 1071 888; baseline -0.002 -11"><span class='ocrx_word' id='word_1_114' title='bbox 48 844 116 877; x_wconf 91' lang='lat' dir='ltr'>Sed</span> <span class='ocrx_word' id='word_1_115' title='bbox 133 844 267 877; x_wconf 84' lang='lat' dir='ltr'>Rufum</span> <span class='ocrx_word' id='word_1_116' title='bbox 284 848 390 888; x_wconf 80' lang='lat' dir='ltr'>atque</span> <span class='ocrx_word' id='word_1_117' title='bbox 407 844 492 877; x_wconf 82' lang='lat' dir='ltr'>alios</span> <span class='ocrx_word' id='word_1_118' title='bbox 509 843 612 877; x_wconf 85' lang='lat' dir='ltr'>eaedit</span> <span class='ocrx_word' id='word_1_119' title='bbox 629 855 691 876; x_wconf 82' lang='lat' dir='ltr'>sua</span> <span class='ocrx_word' id='word_1_120' title='bbox 708 853 880 886; x_wconf 83' lang='lat' dir='ltr'>quemque</span> <span class='ocrx_word' id='word_1_121' title='bbox 892 843 1071 886; x_wconf 83' lang='lat' dir='ltr'>juventus,</span> 
     </span>
     <span class='ocr_line' id='line_1_18' title="bbox 49 888 929 934; baseline -0.003 -11"><span class='ocrx_word' id='word_1_122' title='bbox 49 890 193 933; x_wconf 87' lang='lat' dir='ltr'>Rufum,</span> <span class='ocrx_word' id='word_1_123' title='bbox 211 890 270 934; x_wconf 90' lang='lat' dir='ltr'>qui</span> <span class='ocrx_word' id='word_1_124' title='bbox 287 890 390 923; x_wconf 85' lang='lat' dir='ltr'>toties</span> <span class='ocrx_word' id='word_1_125' title='bbox 408 890 606 922; x_wconf 83' lang='lat' dir='ltr'>Ciceronem</span> <span class='ocrx_word' id='word_1_126' title='bbox 624 888 811 931; x_wconf 82' lang='lat' dir='ltr'>Allobroga</span> <span class='ocrx_word' id='word_1_127' title='bbox 828 888 929 921; x_wconf 78' lang='lat' dir='ltr'>dixit.</span> 
     </span>
    </p>

    <p class='ocr_par' dir='ltr' id='par_1_14' title="bbox 48 933 1122 1162">
     <span class='ocr_line' id='line_1_19' title="bbox 96 933 1036 979; baseline -0.003 -10"><span class='ocrx_word' id='word_1_128' title='bbox 96 936 180 977; x_wconf 83' lang='lat' dir='ltr'>Quis</span> <span class='ocrx_word' id='word_1_129' title='bbox 198 936 329 979; x_wconf 83' lang='lat' dir='ltr'>gremio</span> <span class='ocrx_word' id='word_1_130' title='bbox 347 935 514 968; x_wconf 80' lang='lat' dir='ltr'>Enceladi</span> <span class='ocrx_word' id='word_1_131' title='bbox 531 935 694 978; x_wconf 89' lang='lat' dir='ltr'>doctique</span> <span class='ocrx_word' id='word_1_132' title='bbox 711 934 916 967; x_wconf 82' lang='lat' dir='ltr'>Palaemonis</span> <span class='ocrx_word' id='word_1_133' title='bbox 934 933 1036 967; x_wconf 84' lang='lat' dir='ltr'>affert</span> 
     </span>
     <span class='ocr_line' id='line_1_20' title="bbox 50 978 1122 1025; baseline -0.004 -10"><span class='ocrx_word' id='word_1_134' title='bbox 50 981 231 1023; x_wconf 81' lang='lat' dir='ltr'>Quantum</span> <span class='ocrx_word' id='word_1_135' title='bbox 248 981 499 1025; x_wconf 81' lang='lat' dir='ltr'>grammaticus</span> <span class='ocrx_word' id='word_1_136' title='bbox 515 981 643 1013; x_wconf 88' lang='lat' dir='ltr'>meruit</span> <span class='ocrx_word' id='word_1_137' title='bbox 660 979 782 1012; x_wconf 72' lang='lat' dir='ltr'>labor?</span> <span class='ocrx_word' id='word_1_138' title='bbox 809 984 843 1012; x_wconf 91' lang='lat' dir='ltr'>et</span> <span class='ocrx_word' id='word_1_139' title='bbox 860 983 979 1012; x_wconf 80' lang='lat' dir='ltr'>tamen</span> <span class='ocrx_word' id='word_1_140' title='bbox 996 991 1040 1012; x_wconf 73' lang='lat' dir='ltr'>ex</span> <span class='ocrx_word' id='word_1_141' title='bbox 1057 978 1122 1012; x_wconf 88' lang='lat' dir='ltr'>hoc</span> 
     </span>
     <span class='ocr_line' id='line_1_21' title="bbox 50 1024 1111 1071; baseline -0.003 -11"><span class='ocrx_word' id='word_1_142' title='bbox 50 1027 290 1071; x_wconf 80' lang='lat' dir='ltr'>Quodcunque</span> <span class='ocrx_word' id='word_1_143' title='bbox 307 1030 359 1060; x_wconf 85' lang='lat' dir='ltr'>est</span> <span class='ocrx_word' id='word_1_144' title='bbox 378 1026 508 1070; x_wconf 88' lang='lat' dir='ltr'>(minus</span> <span class='ocrx_word' id='word_1_145' title='bbox 525 1030 577 1059; x_wconf 83' lang='lat' dir='ltr'>est</span> <span class='ocrx_word' id='word_1_146' title='bbox 594 1029 723 1067; x_wconf 82' lang='lat' dir='ltr'>autem,</span> <span class='ocrx_word' id='word_1_147' title='bbox 741 1036 845 1068; x_wconf 82' lang='lat' dir='ltr'>quam</span> <span class='ocrx_word' id='word_1_148' title='bbox 861 1025 1009 1058; x_wconf 88' lang='lat' dir='ltr'>rhetoris</span> <span class='ocrx_word' id='word_1_149' title='bbox 1028 1024 1111 1068; x_wconf 80' lang='lat' dir='ltr'>aera)</span> 
     </span>
     <span class='ocr_line' id='line_1_22' title="bbox 48 1071 830 1117; baseline -0.004 -11"><span class='ocrx_word' id='word_1_150' title='bbox 48 1073 223 1117; x_wconf 85' lang='lat' dir='ltr'>Discipuli</span> <span class='ocrx_word' id='word_1_151' title='bbox 240 1076 354 1106; x_wconf 85' lang='lat' dir='ltr'>custos</span> <span class='ocrx_word' id='word_1_152' title='bbox 371 1072 578 1117; x_wconf 71' lang='lat' dir='ltr'>praemordet</span> <span class='ocrx_word' id='word_1_153' title='bbox 597 1071 830 1105; x_wconf 86' lang='lat' dir='ltr'>Aeoenonetus</span> 
     </span>
     <span class='ocr_line' id='line_1_23' title="bbox 49 1116 983 1162; baseline -0.003 -10"><span class='ocrx_word' id='word_1_154' title='bbox 49 1118 105 1161; x_wconf 85' lang='lat' dir='ltr'>Et,</span> <span class='ocrx_word' id='word_1_155' title='bbox 123 1119 183 1162; x_wconf 94' lang='lat' dir='ltr'>qui</span> <span class='ocrx_word' id='word_1_156' title='bbox 201 1119 388 1162; x_wconf 74' lang='lat' dir='ltr'>dispensat,</span> <span class='ocrx_word' id='word_1_157' title='bbox 406 1118 539 1161; x_wconf 78' lang='lat' dir='ltr'>frangit</span> <span class='ocrx_word' id='word_1_158' title='bbox 557 1117 630 1150; x_wconf 88' lang='lat' dir='ltr'>sibi.</span> <span class='ocrx_word' id='word_1_159' title='bbox 680 1117 778 1158; x_wconf 90' lang='lat' dir='ltr'>Cede,</span> <span class='ocrx_word' id='word_1_160' title='bbox 797 1116 983 1159; x_wconf 82' lang='lat' dir='ltr'>Palaemon,</span> 
     </span>
    </p>

    <p class='ocr_par' dir='ltr' id='par_1_15' title="bbox 48 1162 1176 1252">
     <span class='ocr_line' id='line_1_24' title="bbox 48 1162 1176 1209; baseline -0.003 -12"><span class='ocrx_word' id='word_1_161' title='bbox 48 1164 96 1197; x_wconf 86' lang='lat' dir='ltr'>Et</span> <span class='ocrx_word' id='word_1_162' title='bbox 112 1169 231 1209; x_wconf 84' lang='lat' dir='ltr'>patere</span> <span class='ocrx_word' id='word_1_163' title='bbox 248 1165 329 1197; x_wconf 86' lang='lat' dir='ltr'>inde</span> <span class='ocrx_word' id='word_1_164' title='bbox 347 1164 480 1208; x_wconf 84' lang='lat' dir='ltr'>aliquid</span> <span class='ocrx_word' id='word_1_165' title='bbox 498 1164 702 1205; x_wconf 79' lang='lat' dir='ltr'>decrescere,</span> <span class='ocrx_word' id='word_1_166' title='bbox 720 1174 790 1195; x_wconf 89' lang='lat' dir='ltr'>non</span> <span class='ocrx_word' id='word_1_167' title='bbox 807 1162 919 1205; x_wconf 81' lang='lat' dir='ltr'>aliter,</span> <span class='ocrx_word' id='word_1_168' title='bbox 939 1173 1044 1205; x_wconf 86' lang='lat' dir='ltr'>quam</span> <span class='ocrx_word' id='word_1_169' title='bbox 1107 1163 1176 1194; x_wconf 89' lang='grc'>220</span> 
     </span>
     <span class='ocr_line' id='line_1_25' title="bbox 49 1208 872 1252; baseline -0.005 -9"><span class='ocrx_word' id='word_1_170' title='bbox 49 1210 196 1244; x_wconf 80' lang='lat' dir='ltr'>Institor</span> <span class='ocrx_word' id='word_1_171' title='bbox 213 1210 368 1243; x_wconf 80' lang='lat' dir='ltr'>hibernae</span> <span class='ocrx_word' id='word_1_172' title='bbox 385 1210 511 1252; x_wconf 79' lang='lat' dir='ltr'>tegetis</span> <span class='ocrx_word' id='word_1_173' title='bbox 528 1209 691 1252; x_wconf 84' lang='lat' dir='ltr'>niveique</span> <span class='ocrx_word' id='word_1_174' title='bbox 709 1208 849 1241; x_wconf 85' lang='lat' dir='ltr'>cadurci</span> <span class='ocrx_word' id='word_1_175' title='bbox 864 1220 872 1248; x_wconf 85' lang='lat'><em>3</em></span> 
     </span>
    </p>

    <p class='ocr_par' dir='ltr' id='par_1_16' title="bbox 48 1252 1019 1299">
     <span class='ocr_line' id='line_1_26' title="bbox 48 1252 1019 1299; baseline -0.004 -10"><span class='ocrx_word' id='word_1_176' title='bbox 48 1255 247 1289; x_wconf 86' lang='lat' dir='ltr'>Dummodo</span> <span class='ocrx_word' id='word_1_177' title='bbox 264 1267 334 1288; x_wconf 87' lang='lat' dir='ltr'>non</span> <span class='ocrx_word' id='word_1_178' title='bbox 351 1259 480 1299; x_wconf 84' lang='lat' dir='ltr'>pereat,</span> <span class='ocrx_word' id='word_1_179' title='bbox 497 1254 619 1287; x_wconf 84' lang='lat' dir='ltr'>mediae</span> <span class='ocrx_word' id='word_1_180' title='bbox 637 1254 728 1297; x_wconf 87' lang='lat' dir='ltr'>quod</span> <span class='ocrx_word' id='word_1_181' title='bbox 744 1253 856 1286; x_wconf 76' lang='lat' dir='ltr'>noetis</span> <span class='ocrx_word' id='word_1_182' title='bbox 873 1252 917 1286; x_wconf 88' lang='lat' dir='ltr'>ab</span> <span class='ocrx_word' id='word_1_183' title='bbox 933 1253 1019 1286; x_wconf 86' lang='lat' dir='ltr'>hora</span> 
     </span>
    </p>

    <p class='ocr_par' dir='ltr' id='par_1_17' title="bbox 49 1299 879 1345">
     <span class='ocr_line' id='line_1_27' title="bbox 49 1299 879 1345; baseline -0.005 -10"><span class='ocrx_word' id='word_1_184' title='bbox 49 1301 187 1344; x_wconf 86' lang='lat' dir='ltr'>Sedisti,</span> <span class='ocrx_word' id='word_1_185' title='bbox 206 1313 275 1345; x_wconf 85' lang='lat' dir='ltr'>qua</span> <span class='ocrx_word' id='word_1_186' title='bbox 292 1312 392 1334; x_wconf 87' lang='lat' dir='ltr'>nemo</span> <span class='ocrx_word' id='word_1_187' title='bbox 409 1300 515 1343; x_wconf 79' lang='lat' dir='ltr'>faber,</span> <span class='ocrx_word' id='word_1_188' title='bbox 534 1312 602 1343; x_wconf 81' lang='lat' dir='ltr'>qua</span> <span class='ocrx_word' id='word_1_189' title='bbox 618 1311 718 1332; x_wconf 90' lang='lat' dir='ltr'>nemo</span> <span class='ocrx_word' id='word_1_190' title='bbox 736 1299 879 1342; x_wconf 84' lang='lat' dir='ltr'>sederet,</span> 
     </span>
    </p>

    <p class='ocr_par' dir='ltr' id='par_1_18' title="bbox 51 1345 846 1390">
     <span class='ocr_line' id='line_1_28' title="bbox 51 1345 846 1390; baseline -0.005 -9"><span class='ocrx_word' id='word_1_191' title='bbox 51 1347 120 1388; x_wconf 82' lang='lat' dir='ltr'>Qui</span> <span class='ocrx_word' id='word_1_192' title='bbox 137 1347 237 1380; x_wconf 87' lang='lat' dir='ltr'>docet</span> <span class='ocrx_word' id='word_1_193' title='bbox 254 1347 394 1390; x_wconf 85' lang='lat' dir='ltr'>obliquo</span> <span class='ocrx_word' id='word_1_194' title='bbox 411 1346 530 1379; x_wconf 77' lang='lat' dir='ltr'>lanam</span> <span class='ocrx_word' id='word_1_195' title='bbox 547 1346 715 1378; x_wconf 84' lang='lat' dir='ltr'>deducere</span> <span class='ocrx_word' id='word_1_196' title='bbox 732 1345 822 1378; x_wconf 85' lang='lat' dir='ltr'>ferro</span> <span class='ocrx_word' id='word_1_197' title='bbox 837 1357 846 1385; x_wconf 82' lang='lat'><em>3</em></span> 
     </span>
    </p>

    <p class='ocr_par' dir='ltr' id='par_1_19' title="bbox 48 1391 990 1436">
     <span class='ocr_line' id='line_1_29' title="bbox 48 1391 990 1436; baseline -0.003 -10"><span class='ocrx_word' id='word_1_198' title='bbox 48 1392 247 1426; x_wconf 88' lang='lat' dir='ltr'>Dummodo</span> <span class='ocrx_word' id='word_1_199' title='bbox 265 1404 335 1425; x_wconf 90' lang='lat' dir='ltr'>non</span> <span class='ocrx_word' id='word_1_200' title='bbox 351 1396 470 1436; x_wconf 86' lang='lat' dir='ltr'>pereat</span> <span class='ocrx_word' id='word_1_201' title='bbox 489 1391 634 1424; x_wconf 88' lang='lat' dir='ltr'>totidem</span> <span class='ocrx_word' id='word_1_202' title='bbox 652 1391 805 1424; x_wconf 82' lang='lat' dir='ltr'>olfecisse</span> <span class='ocrx_word' id='word_1_203' title='bbox 822 1391 990 1434; x_wconf 79' lang='lat' dir='ltr'>lucernas,</span> 
     </span>
    </p>

    <p class='ocr_par' dir='ltr' id='par_1_20' title="bbox 51 1437 927 1482">
     <span class='ocr_line' id='line_1_30' title="bbox 51 1437 927 1482; baseline -0.002 -11"><span class='ocrx_word' id='word_1_204' title='bbox 51 1438 144 1479; x_wconf 81' lang='lat' dir='ltr'>Quot</span> <span class='ocrx_word' id='word_1_205' title='bbox 162 1439 302 1472; x_wconf 83' lang='lat' dir='ltr'>stabant</span> <span class='ocrx_word' id='word_1_206' title='bbox 320 1438 430 1482; x_wconf 85' lang='lat' dir='ltr'>pueri,</span> <span class='ocrx_word' id='word_1_207' title='bbox 448 1449 557 1481; x_wconf 85' lang='lat' dir='ltr'>quum</span> <span class='ocrx_word' id='word_1_208' title='bbox 573 1441 669 1470; x_wconf 85' lang='lat' dir='ltr'>totus</span> <span class='ocrx_word' id='word_1_209' title='bbox 686 1437 821 1469; x_wconf 89' lang='lat' dir='ltr'>decolor</span> <span class='ocrx_word' id='word_1_210' title='bbox 838 1440 927 1469; x_wconf 87' lang='lat' dir='ltr'>esset</span> 
     </span>
    </p>

    <p class='ocr_par' dir='ltr' id='par_1_21' title="bbox 51 1482 825 1527">
     <span class='ocr_line' id='line_1_31' title="bbox 51 1482 825 1527; baseline -0.004 -10"><span class='ocrx_word' id='word_1_211' title='bbox 51 1484 197 1517; x_wconf 83' lang='lat' dir='ltr'>Flaccus</span> <span class='ocrx_word' id='word_1_212' title='bbox 215 1488 250 1517; x_wconf 87' lang='lat' dir='ltr'>et</span> <span class='ocrx_word' id='word_1_213' title='bbox 268 1484 416 1517; x_wconf 78' lang='lat' dir='ltr'>haererct</span> <span class='ocrx_word' id='word_1_214' title='bbox 433 1485 532 1527; x_wconf 81' lang='lat' dir='ltr'>nigro</span> <span class='ocrx_word' id='word_1_215' title='bbox 550 1483 661 1526; x_wconf 84' lang='lat' dir='ltr'>fuligo</span> <span class='ocrx_word' id='word_1_216' title='bbox 679 1482 825 1516; x_wconf 85' lang='lat' dir='ltr'>Maroni.</span> 
     </span>
    </p>

    <p class='ocr_par' dir='ltr' id='par_1_22' title="bbox 51 1527 896 1573">
     <span class='ocr_line' id='line_1_32' title="bbox 51 1527 896 1573; baseline -0.004 -10"><span class='ocrx_word' id='word_1_217' title='bbox 51 1530 144 1563; x_wconf 81' lang='lat' dir='ltr'>Rara</span> <span class='ocrx_word' id='word_1_218' title='bbox 161 1534 280 1563; x_wconf 79' lang='lat' dir='ltr'>tamen</span> <span class='ocrx_word' id='word_1_219' title='bbox 296 1541 435 1572; x_wconf 85' lang='lat' dir='ltr'>merces,</span> <span class='ocrx_word' id='word_1_220' title='bbox 454 1540 530 1573; x_wconf 81' lang='lat' dir='ltr'>quae</span> <span class='ocrx_word' id='word_1_221' title='bbox 549 1529 746 1571; x_wconf 77' lang='lat' dir='ltr'>cognitione</span> <span class='ocrx_word' id='word_1_222' title='bbox 764 1527 896 1561; x_wconf 84' lang='lat' dir='ltr'>tribuni</span> 
     </span>
    </p>

    <p class='ocr_par' dir='ltr' id='par_1_23' title="bbox 50 1574 881 1619">
     <span class='ocr_line' id='line_1_33' title="bbox 50 1574 881 1619; baseline -0.002 -11"><span class='ocrx_word' id='word_1_223' title='bbox 50 1575 130 1609; x_wconf 89' lang='lat' dir='ltr'>Non</span> <span class='ocrx_word' id='word_1_224' title='bbox 148 1580 257 1619; x_wconf 79' lang='lat' dir='ltr'>egeat.</span> <span class='ocrx_word' id='word_1_225' title='bbox 308 1575 374 1609; x_wconf 81' lang='lat' dir='ltr'>Sed</span> <span class='ocrx_word' id='word_1_226' title='bbox 392 1587 450 1608; x_wconf 84' lang='lat' dir='ltr'>vos</span> <span class='ocrx_word' id='word_1_227' title='bbox 469 1587 576 1608; x_wconf 81' lang='lat' dir='ltr'>saevas</span> <span class='ocrx_word' id='word_1_228' title='bbox 594 1575 763 1618; x_wconf 82' lang='lat' dir='ltr'>imponite</span> <span class='ocrx_word' id='word_1_229' title='bbox 779 1574 881 1617; x_wconf 77' lang='lat' dir='ltr'>leges,</span> 
     </span>
    </p>

    <p class='ocr_par' dir='ltr' id='par_1_24' title="bbox 51 1620 1178 1710">
     <span class='ocr_line' id='line_1_34' title="bbox 51 1620 1178 1665; baseline -0.002 -11"><span class='ocrx_word' id='word_1_230' title='bbox 51 1621 102 1654; x_wconf 87' lang='lat' dir='ltr'>Ut</span> <span class='ocrx_word' id='word_1_231' title='bbox 120 1622 325 1665; x_wconf 80' lang='lat' dir='ltr'>praeceptori</span> <span class='ocrx_word' id='word_1_232' title='bbox 342 1621 525 1654; x_wconf 83' lang='lat' dir='ltr'>verborum</span> <span class='ocrx_word' id='word_1_233' title='bbox 542 1620 663 1663; x_wconf 78' lang='lat' dir='ltr'>regula</span> <span class='ocrx_word' id='word_1_234' title='bbox 680 1624 823 1662; x_wconf 83' lang='lat' dir='ltr'>constet,</span> <span class='ocrx_word' id='word_1_235' title='bbox 1111 1623 1178 1654; x_wconf 78' lang='lat'>230</span> 
     </span>
     <span class='ocr_line' id='line_1_35' title="bbox 51 1666 874 1710; baseline -0.001 -11"><span class='ocrx_word' id='word_1_236' title='bbox 51 1667 101 1700; x_wconf 91' lang='lat' dir='ltr'>Ut</span> <span class='ocrx_word' id='word_1_237' title='bbox 118 1667 213 1710; x_wconf 77' lang='lat' dir='ltr'>legat</span> <span class='ocrx_word' id='word_1_238' title='bbox 230 1667 401 1709; x_wconf 72' lang='lat' dir='ltr'>historias,</span> <span class='ocrx_word' id='word_1_239' title='bbox 419 1671 576 1699; x_wconf 80' lang='lat' dir='ltr'>auctores</span> <span class='ocrx_word' id='word_1_240' title='bbox 594 1666 730 1699; x_wconf 77' lang='lat' dir='ltr'>noverit</span> <span class='ocrx_word' id='word_1_241' title='bbox 748 1677 874 1707; x_wconf 84' lang='lat' dir='ltr'>omnes,</span> 
     </span>
    </p>

    <p class='ocr_par' dir='ltr' id='par_1_25' title="bbox 51 1712 1059 1756">
     <span class='ocr_line' id='line_1_36' title="bbox 51 1712 1059 1756; baseline -0.003 -10"><span class='ocrx_word' id='word_1_242' title='bbox 51 1713 233 1756; x_wconf 76' lang='lat' dir='ltr'>Tanquam</span> <span class='ocrx_word' id='word_1_243' title='bbox 250 1725 384 1755; x_wconf 73' lang='lat' dir='ltr'>ungues</span> <span class='ocrx_word' id='word_1_244' title='bbox 402 1713 599 1755; x_wconf 67' lang='lat' dir='ltr'>digitosque</span> <span class='ocrx_word' id='word_1_245' title='bbox 617 1723 695 1744; x_wconf 81' lang='lat' dir='ltr'>suos</span> <span class='ocrx_word' id='word_1_246' title='bbox 710 1724 716 1744; x_wconf 89' lang='lat'>:</span> <span class='ocrx_word' id='word_1_247' title='bbox 742 1716 783 1743; x_wconf 68' lang='lat' dir='ltr'>ut</span> <span class='ocrx_word' id='word_1_248' title='bbox 799 1712 888 1744; x_wconf 75' lang='lat' dir='ltr'>forte</span> <span class='ocrx_word' id='word_1_249' title='bbox 905 1715 1059 1755; x_wconf 79' lang='lat' dir='ltr'>rogatus,</span> 
     </span>
    </p>

    <p class='ocr_par' dir='ltr' id='par_1_26' title="bbox 53 1757 992 1802">
     <span class='ocr_line' id='line_1_37' title="bbox 53 1757 992 1802; baseline -0.002 -11"><span class='ocrx_word' id='word_1_250' title='bbox 53 1758 146 1791; x_wconf 90' lang='lat' dir='ltr'>Dum</span> <span class='ocrx_word' id='word_1_251' title='bbox 164 1759 255 1802; x_wconf 81' lang='lat' dir='ltr'>petit</span> <span class='ocrx_word' id='word_1_252' title='bbox 273 1764 335 1792; x_wconf 87' lang='lat' dir='ltr'>aut</span> <span class='ocrx_word' id='word_1_253' title='bbox 353 1759 506 1792; x_wconf 75' lang='lat' dir='ltr'>thermas</span> <span class='ocrx_word' id='word_1_254' title='bbox 523 1763 586 1792; x_wconf 85' lang='lat' dir='ltr'>aut</span> <span class='ocrx_word' id='word_1_255' title='bbox 605 1757 727 1791; x_wconf 83' lang='lat' dir='ltr'>Phoebi</span> <span class='ocrx_word' id='word_1_256' title='bbox 743 1757 878 1800; x_wconf 78' lang='lat' dir='ltr'>balnea,</span> <span class='ocrx_word' id='word_1_257' title='bbox 896 1757 992 1790; x_wconf 75' lang='lat' dir='ltr'>dicat</span> 
     </span>
    </p>
   </div>
  </div>
 </body>
</html>
