1284 1922
69 53 115 84 26
392 50 394 56 '
408 50 450 83 D.
476 49 610 83 JUNH
635 48 899 83 JUVENALIS

72 117 143 150 Iste
161 116 233 150 dies
248 129 254 150 :
279 128 425 161 propera
443 117 659 150 stomachum
676 118 794 151 laxare
813 117 950 161 saginis,

71 162 117 195 Et
134 166 197 196 tua
214 166 390 196 servatum
406 173 568 196 consume
584 163 622 196 in
640 164 755 196 secula
770 163 965 196 rhombum.

73 208 152 251 Ipse
170 208 247 252 capi
264 207 406 242 voluit.”
455 208 546 248 Quid
563 209 715 252 apertius
730 209 742 242 2
769 212 803 242 et
819 212 936 241 tamen
954 207 1006 240 illi
1088 235 1097 245 ,

73 253 269 297 Surgebant
287 254 409 287 ciistae.
457 254 489 287 N
492 254 556 287 11111
574 258 634 297 est,
653 255 744 298 quod
762 255 898 288 credere
916 255 958 287 (10
976 265 1011 287 50
1148 252 1191 287 70

73 299 107 332 N
109 311 152 332 on
170 299 288 343 possit,
306 311 413 343 quum
429 299 597 334 laudatur
613 300 676 333 Dis
693 312 793 345 aequa
810 304 973 344 potestas.

75 344 142 378 Sed
159 345 277 378 deerat
293 345 381 389 pisci
397 345 527 389 patinae
544 357 715 380 mensura.
764 346 943 379 Vocantur

75 391 193 434 Ergo'
184 402 221 423 1n
238 391 421 424 consilium
438 403 603 443 proce1es,
621 403 705 436 quos
722 392 841 425 oderat
858 392 917 424 ille
934 403 943 432 ;

76 437 119 469 In
137 448 284 480 quorum
300 437 388 470 facie
405 437 537 470 miserae
554 449 760 481 magnaeque
778 437 919 471 sedebat

76 482 193 515 Pallor
210 482 381 516 amicitiae.
431 483 579 524 Primus,
597 483 770 516 clamante
787 483 950 525 Liburno,

82 530 101 544 “
114 527 259 567 Currite,
272 528 347 570 jam
364 526 453 560 sedit
468 526 497 561 !’'
522 530 623 570 rapta
639 527 845 571 properabat
862 528 976 562 abolla

78 573 240 616 Pegasus,
258 574 416 607 attonitse
434 573 566 617 positus
582 574 683 607 modo
700 574 839 607 villicus
856 574 944 607 urbi.

79 619 180 651 Anne
197 600 295 652 aliud
312 623 398 652 tunc
415 619 571 663 praefecti
588 619 599 652 2
625 631 773 663 quorum
790 619 942 663 optimus
955 622 1061 663 atque

80 665 179 698 Inter
182 676 257 708 pres
274 664 393 708 leoum
411 665 670 706 sanctissimus3
695 665 812 698 omnia
829 677 1030 718 quanquam

80 692 404 762 Tempq1ibus³diris
422 711 606 744 tractanda
623 711 798 755 putabat
789 711 914 744 inermi
1155 712 1200 743 80

81 756 240 789 Justitia.
289 757 396 790 Venit
413 760 448 789 et
466 757 576 800 Crispi
589 757 749 799 11101111(1(1
766 760 935 800 senectus,

83 803 189 846 Cujus
207 805 306 835 erant
323 814 443 846 mores,
461 803 574 846 qualis
591 803 767 845 facundia,
785 803 871 836 mite

84 848 279 891 Ingenium.
327 848 440 882 Maria
457 860 497 881 ac
515 852 623 881 terras
641 849 854 892 populosque
871 848 1007 891 regenti
1277 854 1284 867 ⁴

85 894 169 934 Quis
187 905 299 926 comes
315 894 444 937 utilior,
464 894 491 926 si
509 894 606 927 clade
623 898 658 927 et
675 897 771 938 peste
789 893 852 927 sub
869 894 930 927 illa

85 939 262 973 Saevitiam
279 940 444 973 damnare
461 943 496 972 et
513 940 699 972 honestum
717 940 837 973 afferre
854 939 974 972 liceret

86 985 277 1018 Consilium
291 986 303 1019 2
352 985 418 1018 Sed
436 985 520 1029 quid
537 985 723 1018 violentius
740 997 824 1019 aure
841 986 994 1029 tyranni,¹

87 1031 175 1064 Cum
192 1043 259 1074 quo
276 1031 318 1064 de
335 1031 464 1075 pluviis
481 1035 543 1064 aut
561 1031 702 1064 aestibus
719 1035 781 1065 aut
798 1030 953 1064 nimboso

89 1076 178 1110 Vere
195 1077 376 1121 loquuturi
393 1077 508 1110 fatum
526 1077 699 1120 pendebat
717 1077 821 1110 amici
835 1077 846 1110 2

88 1123 153 1156 Ille
170 1123 280 1166 igitur
296 1134 478 1166 nunquam
495 1123 624 1156 direxit
640 1123 784 1156 brachia
801 1126 921 1156 contra

88 1169 299 1211 Torrentem,
317 1180 381 1201 nec
399 1169 483 1202 civis
501 1172 584 1210 erat,
603 1169 664 1212 qui
680 1168 789 1201 libera
806 1171 920 1211 posset
1164 1168 1209 1200 90

90 1214 205 1247 Verba
221 1214 329 1247 animi
342 1214 493 1257 proferre
511 1218 545 1247 et
563 1214 671 1247 vitam
689 1214 887 1257 impendere
905 1225 996 1247 vero.

90 1260 146 1294 Sic
163 1260 292 1293 multas
309 1260 439 1292 hiemes
457 1263 562 1303 atque
580 1259 788 1302 octogesima
805 1259 895 1292 Vidit

91 1306 256 1348 Solstitia,
275 1305 328 1338 his
345 1306 449 1338 armis
466 1305 528 1338 illa
547 1317 682 1349 quoque
700 1308 800 1338 tutus
818 1305 854 1337 in
873 1304 961 1338 aula.

92 1351 276 1385 Proximus
293 1352 447 1395 ejusdem
464 1351 671 1395 properabat
691 1351 820 1384 Acilius
839 1351 903 1384 aevi

94 1398 179 1431 Cum
192 1398 331 1440 juvene,
349 1397 503 1440 indigno,
522 1408 625 1440 quem
643 1408 733 1429 mors
751 1400 823 1429 tam
841 1407 931 1429 saeva
947 1399 1103 1429 maneret

94 1443 140 1476 Et
158 1443 288 1475 domini
305 1443 430 1486 gladiis
448 1446 521 1476 tam
538 1443 724 1476 festinata:
751 1442 809 1475 sed
827 1442 909 1475 olim

95 1489 257 1532 Prodigio
275 1501 337 1532 par
354 1492 405 1521 est
423 1500 502 1521 cum
519 1488 723 1521 nobilitatec
742 1492 900 1521 senectus
917 1499 923 1521 ε

95 1534 196 1568 Unde
213 1534 262 1577 fit,
280 1538 321 1567 ut
337 1535 458 1567 malim
475 1534 683 1567 fraterculus
701 1545 773 1567 esse
792 1533 959 1576 Gigantis.

96 1580 232 1613 Profuit
250 1591 330 1621 erfo
348 1580 437 1612 1111111
455 1580 588 1622 misem,
607 1580 698 1623 quod
717 1579 871 1612 cominus
887 1591 937 1612 ur:
937 1590 967 1611 so

97 1625 244 1668 Figebat
263 1614 442 1666 Numidas
463 1625 596 1658 Albana
613 1625 729 1658 nudus
746 1636 850 1658 arena
1150 1625 1215 1656 100

99 1671 260 1705 Venator.
311 1672 394 1712 Quis
413 1671 505 1704 enim
517 1672 544 1715 j
536 1683 592 1704 im
609 1682 679 1704 11011
695 1671 872 1714 intelligat
890 1674 979 1703 artes

545 1731 554 1742 ⁰
575 1728 603 1753 111
617 1729 760 1753 nobilitate
