1284 1922
102 86 146 117 52
416 83 458 117 D.
484 82 618 116 JUNII
643 82 910 135 JUVENALIS

101 151 265 184 Boletus:
292 150 464 194 siquidem
480 150 581 183 unius
599 150 787 194 praecordia
804 151 928 194 pressit
977 167 987 176 =
1150 166 1167 178 ο

103 197 169 230 1110
187 197 275 229 501115
294 196 549 239 tiemulumque
566 199 672 239 caput
689 196 895 229 descendere
907 197 1014 242 Jussit

103 242 147 275 In
166 242 291 275 coelum
308 247 344 275 et
361 241 465 284 longa
481 241 663 274 manantia
679 241 776 274 labra
794 241 934 276 salivam.

104 288 191 320 Haec
208 287 319 331 poscit
336 287 467 320 ferrum
484 291 590 330 atque
607 287 714 330 ignes,
733 287 809 319 haec
826 288 921 330 potio
938 291 1085 332 torquet,

104 333 192 366 Haec
209 333 339 366 lacerat
355 333 484 366 mixtos
501 332 669 376 Equitum
687 343 766 365 cum
783 333 950 376 sanguine
968 334 1099 369 Patres.

104 378 209 412 Tanti
225 383 346 422 partus
363 389 467 422 equae,
485 378 578 411 tanti
595 389 666 411 una
682 378 836 411 venefica
852 383 988 413 constat
1003 382 1010 415 ἔ

151 424 308 458 Oderunt
325 428 425 457 natos
442 424 484 457 de
501 423 625 467 pellice
643 436 651 464 3
675 435 776 457 nemo
793 429 977 467 repugnet,

103 469 214 503 Nemo
231 473 326 503 vetet
344 482 352 510 ;
372 471 447 512 jam
459 470 535 513 jam
552 469 754 513 privignum
771 470 925 503 occidere
941 471 994 504 fas
1011 474 1073 506 est.

105 515 174 549 Vos
192 527 264 558 ego,
282 515 419 559 pupilli,
436 526 568 557 moneo,
587 515 712 558 quibus
729 515 877 558 amplior
895 519 947 549 est
962 524 1025 560 res,

105 561 283 594 Custodite
299 561 443 603 animas,
461 564 496 593 et
513 560 603 593 nulli
620 560 750 593 credite
766 571 894 593 mensae
911 572 918 595 ε
1159 566 1227 597 630

105 607 229 640 Livida
245 612 401 639 materno
418 606 554 639 servent
571 605 714 649 adipata
731 617 872 639 veneno.

105 652 267 685 Mordeat
284 655 366 684 ante
383 651 518 695 aliquis,
537 651 709 694 quidquid
725 652 918 695 porrexerit
934 652 1005 695 illa,

106 698 188 738 Quae
206 698 364 741 pepelit3
389 697 532 730 timidus
550 700 739 740 praegustet
756 697 881 740 pocula
897 709 1039 741 pappas.

105 743 286 786 Fingimus
304 723 388 785 hae⁷,c
406 742 518 775 altum
535 742 642 775 satira
659 746 816 775 sumente
834 743 1054 789 cothuinum,

106 788 258 831 Scilicet,
276 792 311 821 et
327 788 433 821 finem
450 787 576 831 egressi
592 787 772 831 legemque
790 788 944 831 priorum

106 834 243 867 Grande
262 833 449 877 Sophocleo
468 844 607 866 carmen
623 833 833 866 bacchamur
849 834 961 877 hiatu,

105 879 285 912 Montibus
303 880 463 922 ignotum
481 878 622 911 Rutulis
640 879 792 922 coeloque
809 879 934 912 Latino
950 882 957 914 3

107 922 178 954 Nos
194 923 332 956 utinam
350 923 432 956 vani
447 926 453 958 Ξ
481 924 540 957 sed
557 924 686 957 clamat
703 924 837 966 Pontia,
855 925 874 942 ‘⁶
889 923 981 966 Feci,

107 967 289 1008 Confiteor,
306 969 490 1012 puerisque
506 969 591 1002 meis
608 970 745 1003 aconita
762 981 823 1013 par
825 970 892 1010 ari,

108 1013 193 1053 Quae
211 1014 378 1057 deprensa
394 1018 536 1066 patent:
561 1015 697 1048 facinus
714 1019 832 1048 tamen
847 1016 923 1059 ipsa
939 1014 1088 1060 peregiff’
1158 1020 1226 1052 640

107 1059 204 1093 Tune
222 1059 306 1093 duos
323 1071 404 1101 una,
421 1061 606 1094 saevissima
622 1061 750 1104 Vipera,
768 1072 865 1095 coena
879 1060 891 1094 2

107 1104 202 1137 Tune
220 1105 304 1138 duos
318 1105 330 1138 2
379 1107 398 1123 44
411 1106 561 1148 Septem,
578 1106 607 1139 si
624 1111 755 1148 septem
772 1107 860 1140 forte
877 1105 1056 1140 fuissent.”

157 1151 343 1184 Credamus
360 1151 511 1194 tragicis,
529 1151 698 1194 quidquid
716 1151 758 1184 de
776 1151 937 1185 Colchide
954 1163 1045 1187 saeva

106 1197 246 1232 Dicitur
263 1200 298 1229 et
315 1196 465 1229 Procne:
491 1196 543 1228 nil
560 1201 680 1229 contra
697 1208 800 1230 001101·
815 1209 822 1230 :
848 1201 882 1230 et
898 1197 967 1230 illae

109 1242 264 1277 Grandia
280 1246 435 1274 monstra
453 1241 522 1274 suis
539 1241 714 1274 audebant
731 1242 943 1285 temporibus
958 1255 966 1283 ;
992 1244 1052 1277 sed

92 1289 141 1326 ‚N
143 1300 187 1322 on
204 1291 343 1332 propter
360 1298 527 1320 nummos.
576 1287 692 1320 Minor
709 1287 892 1321 admiratio
910 1290 1052 1323 summis

107 1334 263 1368 Debetur
279 1333 450 1374 monstris,
470 1333 601 1375 quoties
618 1333 704 1365 facit
720 1333 773 1366 ira
789 1337 971 1367 nocentem

107 1381 215 1414 Hunc
233 1390 378 1411 sexum:
403 1377 518 1411 rabie⁰
520 1379 630 1430 'jecur
646 1378 862 1420 incendente,
880 1379 1042 1414 feruntur

107 1425 332 1468 P10ee1p1tes
358 1427 398 1456 ut
417 1435 500 1456 saxa
512 1424 608 1466 jugis
626 1423 783 1467 abrupta,
802 1406 925 1467 quibus
941 1437 1040 1459 mons

107 1472 220 1504 Subtl·
216 1470 333 1503 thitur
350 1469 418 1502 0111
421 1480 506 1512 oque
523 1469 615 1502 latus
633 1470 805 1512 pendente
822 1470 961 1504 recedit.
1157 1477 1224 1508 650

108 1517 211 1550 Illam
229 1527 290 1555 coo
308 1527 377 1547 non
394 1515 543 1557 tulerim,
563 1526 636 1558 qu‘e
654 1519 842 1559 computat,
860 1519 894 1548 et
913 1517 1050 1551 scelus
1039 1529 1162 1563 ingens

107 1562 199 1596 Sana
216 1561 310 1594 facit.
359 1560 525 1612 Spectant
544 1560 748 1593 subeuntem
765 1561 839 1594 11ᾑο
855 1562 974 1596 mariti

106 1607 275 1641 Alcestim
291 1609 335 1648 et,
354 1606 474 1638 similis
492 1606 520 1638 si
537 1607 747 1649 permutatio
765 1606 876 1649 detur,

106 1653 221 1687 Morte
238 1652 303 1685 viri
321 1651 485 1695 cupiant}³
503 1652 656 1684 animam
674 1663 807 1685 servare
825 1653 966 1688 catellae.

142 1748 156 1762 ι
174 1741 288 1775 longam
303 1760 309 1765 .
324 1759 330 1766 .
347 1759 353 1765 .
367 1741 484 1766 salivam
603 1744 614 1756 ⁰
634 1744 661 1767 et
674 1742 749 1766 rabie
898 1747 911 1765 Ξ·
930 1744 1040 1777 capient
