1284 1922
482 33 655 67 SATIRA
682 33 743 68 VI.
1128 34 1173 68 47

44 98 124 132 Una
140 98 315 133 laboranti
332 99 464 144 poterit
481 111 680 133 succurrere
696 99 814 133 Lunae.

43 144 200 189 Imponit
216 146 321 179 finem
341 146 478 189 sapiens
495 149 530 179 et
547 145 650 178 rebus
667 145 831 179 honestis.

42 190 134 224 Nam
152 202 231 234 quae
249 192 353 225 docta
368 191 474 224 nimis
491 191 590 235 cupit
608 195 643 225 et
659 191 814 225 facunda
831 191 952 236 videri,

42 236 149 270 Crure
166 241 267 270 tenus
284 237 398 270 medio
417 237 554 271 tunicas
573 238 775 280 succingere
793 237 905 281 debet,

43 282 182 316 Caedere
199 283 340 316 Silvano
357 295 512 327 porcum,
531 283 728 327 quadrante
745 283 865 317 lavari.

40 327 75 361 N
77 340 121 361 on
138 328 266 362 habeat
282 333 452 372 matrona,
470 329 536 362 tibi
554 340 632 372 quae
644 330 772 373 juncta
787 328 970 373 recumbit,

40 373 192 407 Dicendi
209 386 329 418 genus,
347 379 411 408 aut
429 379 570 408 curtum
588 386 744 408 sermone
760 378 875 408 rotato

41 419 217 464 Torqueat
234 421 470 464 enthymema,
487 432 552 454 nec
568 421 731 454 historias
749 421 838 454 sciat
855 431 975 454 omnes
989 432 995 455 :
1102 423 1171 454 450

41 465 109 499 Sed
126 467 288 510 quaedam
304 478 348 500 ex
365 467 462 500 libris
480 470 515 500 et
531 478 602 500 non
619 467 806 510 intelligat.
857 467 924 500 Odi

42 511 148 545 Hanc
165 524 238 556 ego,
257 523 333 556 quae
350 513 479 557 repetit
497 513 674 557 volvitque
691 512 899 546 Palaemonis
916 516 1038 556 artem,

40 557 187 592 Servata
203 569 340 603 semper
355 558 432 601 lege
449 562 485 591 et
501 559 636 591 ratione
653 558 829 602 loquendi,
846 570 855 580 ·

41 603 254 648 Ignotosque
270 604 359 637 mihi
376 608 474 638 tenet
491 604 691 648 antiquaria
707 616 836 648 versus,

39 648 75 682 N
77 661 114 682 ec
132 650 288 683 curanda
305 650 388 684 viris
406 650 512 694 opicae
531 651 682 693 castigat
699 651 821 684 amicae

41 694 166 730 Verba.
215 695 456 729 Soloecismum
472 696 578 729 liceat
594 696 716 729 fecisse
733 697 870 730 marito.

87 741 148 774 Nil
165 753 236 774 non
252 742 427 785 permittit
444 742 571 774 mulier
588 741 663 784 sibi,
681 746 785 785 turpe
802 745 907 786 putat
923 742 986 785 nil,

41 786 158 828 Quum
175 787 303 821 virides
320 799 475 831 gemmas
493 787 580 821 collo
598 787 830 821 circumdedit
847 792 882 822 et
900 800 1009 832 quum

40 832 195 866 Auribus
213 834 367 866 extentis
383 845 528 877 magnos
547 834 721 867 commisit
739 834 909 868 elenchos.

41 878 302 912 Intolerabilius
319 879 410 912 nihil
428 882 488 922 est,
507 890 612 922 quam
628 879 760 912 femina
777 880 882 914 dives.
1101 882 1170 913 460

88 924 229 958 Interea
246 925 339 964 foeda
356 929 501 969 aspectu
517 925 732 968 ridendaque
749 926 862 959 multo

4 967 9 972 ’
40 969 136 1003 Pane
153 975 268 1003 tumet
285 971 399 1013 facies,
419 974 481 1003 aut
499 971 645 1014 pinguia
663 970 862 1014 Poppaeana

40 1015 169 1060 Spirat,
187 1021 222 1049 et
239 1017 322 1049 hinc
338 1016 456 1049 miseri
473 1017 654 1049 viscantur
670 1016 768 1049 labra
784 1017 927 1057 mariti„

39 1061 96 1094 Ad
112 1062 289 1095 moechum
305 1062 423 1095 veniet
440 1062 513 1095 lota
531 1066 620 1095 cute.
671 1062 817 1102 Quando
834 1063 947 1096 videri

40 1106 129 1140 Vult
145 1108 295 1141 formosa
313 1108 406 1140 domi
421 1107 432 1140 [2
457 1107 601 1140 moechis
618 1107 741 1141 foliata
758 1113 927 1152 parantur
942 1121 950 1149 ;

40 1152 110 1186 His
128 1153 265 1195 emitur,
284 1153 456 1197 quidquid
474 1153 619 1196 graciles
638 1153 707 1187 huc
724 1154 866 1187 mittitis
886 1155 976 1188 Indi.

38 1198 196 1232 Tandem
212 1200 325 1243 aperit
342 1199 493 1241 vultum,
512 1203 546 1232 et
564 1201 712 1232 tectoria
729 1200 842 1243 prima
858 1201 997 1245 reponit
1011 1213 1018 1234 :

39 1244 172 1288 Incipit
189 1245 338 1288 agnosci,
356 1250 462 1288 atque
479 1245 539 1278 illo
556 1244 649 1278 lacte
665 1245 814 1289 fovetur,

38 1289 186 1334 Propter
203 1291 296 1334 quod
314 1302 430 1324 secum
447 1291 590 1324 comites
608 1291 726 1324 educit
744 1292 877 1335 asellas,

37 1335 151 1369 Exsul
169 1337 437 1380 Hyperboreum
454 1337 483 1368 si
499 1336 702 1369 dimittatur
719 1337 764 1370 ad
781 1348 894 1371 axem.
1097 1338 1166 1372 470

39 1381 107 1415 Sed
125 1393 202 1426 quae
220 1383 367 1415 mutatis
384 1382 567 1415 inducitur
584 1386 689 1425 atque
707 1383 846 1415 fovetur

39 1428 105 1461 Tot
122 1428 424 1471 medicaminibus,
443 1432 618 1471 coctaeque
637 1428 785 1471 siliginis
804 1428 887 1461 offas

36 1473 178 1518 Accipit
195 1478 230 1507 et
247 1474 407 1516 madidae,
425 1474 531 1506 facies
549 1474 695 1515 dicetur,
713 1485 760 1506 an
776 1474 877 1507 ulcus
894 1474 906 1508 ’.ἱ

83 1519 148 1552 Est
164 1521 318 1564 pretium
335 1531 426 1553 curae
443 1519 584 1563 penitus
603 1530 817 1562 cognoscere,
836 1523 909 1553 toto

39 1565 130 1606 Quid
147 1566 282 1599 faciant
299 1567 504 1609 agitentque
522 1565 587 1598 die.
637 1565 674 1598 Si
690 1569 792 1598 nocte
808 1566 956 1600 maritus

37 1611 189 1644 Aversus
201 1612 326 1655 jacuit,
344 1612 450 1656 periit
467 1611 618 1654 libraria,
636 1615 774 1655 ponunt

39 1657 204 1690 Cosmetae
221 1658 370 1701 tunicas,
388 1657 487 1691 tarde
505 1657 639 1691 venisse
656 1657 831 1690 Liburnus

37 1702 187 1745 Dicitur,
203 1707 240 1737 et
256 1714 376 1748 poenas
391 1703 499 1738 alieni
515 1703 666 1748 pendere
683 1703 796 1737 somni
