1284 1922
104 49 170 82 138
575 48 732 82 PERSII

99 117 188 151 Tun'
205 129 300 152 mare
318 117 519 152 transilias?
544 118 620 162 tibi,
637 122 731 153 torta
748 118 903 153 cannabe
920 118 1022 162 fulto,

100 163 206 197 Coena
223 163 289 197 sitb
306 164 345 197 in
362 168 526 208 transtro,
538 165 845 208 Veientanumque
861 164 1037 198 rubellum

99 209 253 243 Exhalet
271 210 397 254 vapida
414 210 538 243 laesum
554 210 631 254 pice
648 211 794 244 sessilisc
812 210 923 244 obba?

101 255 194 296 Quid
210 256 323 300 petis?
348 259 389 290 ut
405 256 551 299 nummi,
570 267 653 300 quos
670 257 729 290 hic
746 257 940 301 quincunce
955 255 1110 290 modesto

99 301 135 335 N
138 302 292 343 utrieras‚
310 305 501 346 peragantd
519 303 637 336 avidos
655 303 779 337 sudare
796 301 969 336 deunces?
1160 303 1228 336 150

101 347 253 391 Indulge
271 348 389 391 Genio,
407 359 589 392 carpamus
606 348 732 391 dulcia,
748 352 906 382 nostrum
923 351 985 390 est,

102 393 204 434 Quod
221 394 328 428 vivis:
354 394 442 427 cinis
460 399 495 427 et
512 394 634 427 Manes
656 398 691 428 ct
707 394 828 428 fabula
844 394 925 435 fies;

102 437 214 483 [Vive
230 451 361 473 memor
377 439 449 483 leti,
469 440 561 484 fugit
578 440 672 482 hora,
690 441 755 474 hoc
773 440 865 484 quod
883 440 1005 484 loquor
1021 439 1103 473 inde
1121 440 1204 485 est.]

150 485 206 518 En
223 486 306 529 quid
323 485 421 529 agis?
446 485 579 529 duplici
596 486 633 519 in
651 486 828 519 diversum
845 485 1011 519 scindetis
1028 485 1141 529 hamo,

103 530 299 574 Hunccine,
318 543 363 565 an
380 531 475 564 hunc
493 531 666 575 sequeris?
708 532 837 566 Subeas
854 532 1010 566 alternus
1028 534 1164 576 oportet

103 577 262 621 Ancipiti
279 577 441 621 obsequio
459 577 625 621 dominos,
643 578 797 611 alternus
814 578 964 612 oberres:

103 623 138 656 N
139 635 177 656 ec
194 628 245 665 tu,
263 635 371 667 quum
388 623 562 657 obstiteris
580 624 694 667 semel,
711 624 928 668 instantique
944 623 1083 667 negaris

104 668 231 703 Parere
248 669 403 713 imperio,
423 669 516 713 Rupi
528 670 605 713 jam
621 669 773 713 vincula,
792 670 895 704 dieas.

104 715 197 749 Nam
215 718 250 748 et
267 715 402 749 luctata
419 716 514 748 canis
531 716 663 749 nodum
679 716 827 760 abripit:
853 719 1011 750 attamen
1028 715 1091 758 illi,

107 761 224 803 Quum
241 761 343 805 fugit,
362 773 382 795 a
399 761 486 795 collo
503 761 656 795 trahitur
672 773 751 806 pars
768 762 873 805 longa
890 766 1032 796 catenae.
1164 763 1232 794 160

152 807 261 848 Dave,
279 808 359 850 cito,
376 807 441 841 hoc
458 807 577 841 credas
589 808 704 851 jubeo,
722 808 822 841 finire
840 808 972 841 dolores

107 853 306 887 Praeteritos
322 853 472 886 meditor
489 853 652 897 (crudum
670 854 921 888 Chaerestratus
937 864 1093 897 unguem

107 899 286 933 Abrodens
303 899 354 933 ait
370 899 471 943 haec).
513 899 570 932 An
587 899 685 933 siccis
703 900 851 933 dedecus
868 900 1002 933 obstem

109 944 297 989 CognatiSZ
339 946 395 978 An
410 956 484 978 rem
501 945 653 989 patriam
669 957 806 979 rumore
824 945 962 979 sinistro

109 991 232 1025 Limen
248 991 296 1025 ad
310 990 496 1025 obscenum
512 991 683 1035 frangam,
702 991 786 1025 dum
805 991 982 1035 Chrysidis
999 991 1087 1025 udas

108 1037 236 1071 Ebrius
252 1041 334 1071 ante
351 1037 440 1070 fores
458 1037 616 1071 extincta
633 1049 714 1071 cum
730 1038 806 1071 face
823 1042 926 1071 canto
938 1037 999 1071 2—

110 1083 218 1127 Euge,
236 1094 333 1127 puer,
351 1083 475 1127 sapias,
492 1083 558 1116 Dis
575 1083 830 1128 depellentibus
848 1095 976 1127 agnam

111 1129 394 1171 Parente—Sed,
413 1129 556 1172 censen',
573 1129 733 1173 plorabit,
751 1129 859 1172 Dave,
876 1129 999 1163 relicta
1009 1128 1070 1163 2—

110 1175 145 1209 N
147 1175 280 1218 ugaris:
306 1174 406 1217 solea,
424 1186 520 1218 puer,
538 1175 765 1219 objurgabere
781 1175 896 1209 rubra.

111 1221 146 1255 N
148 1221 357 1264 etrepidare
374 1220 459 1254 velis
476 1224 583 1263 atque
600 1225 696 1254 artos
713 1221 831 1255 rodere
849 1232 969 1254 casses.
1169 1219 1237 1254 170

111 1267 215 1300 Nunc
232 1267 325 1300 ferus
342 1269 377 1299 et
395 1266 544 1300 violens:
570 1270 608 1300 at
625 1267 654 1300 si
671 1271 779 1310 vocet,
796 1267 892 1300 haud
909 1278 1015 1309 mora,
1033 1266 1138 1309 dicas,

114 1312 289 1354 Quidnam
306 1312 416 1356 igitur
428 1312 577 1345 faciam?
604 1324 646 1346 ne
664 1323 767 1355 nunc,
779 1324 887 1356 quum
903 1316 1076 1346 arcessate
1093 1316 1128 1345 et
1147 1311 1238 1345 ultro

114 1358 319 1403 Supplicem,
338 1358 501 1392 accedam
515 1358 527 1392 2
568 1358 605 1392 Si
622 1361 716 1392 totus
734 1362 769 1392 et
786 1359 922 1402 integer
938 1359 1036 1391 illinc

114 1404 269 1447 Exieras,
287 1415 330 1437 ne
348 1415 441 1438 nunc
449 1413 472 1438 g.
513 1404 592 1447 Hic,
610 1404 667 1438 hic
684 1416 787 1448 quem
804 1405 1000 1448 quaerimus,
1017 1404 1074 1437 hic
1091 1406 1153 1447 est,

114 1450 194 1484 Non
212 1451 248 1483 in
266 1451 409 1493 festuca,
422 1450 525 1484 lictor
541 1462 646 1495 quam
658 1452 772 1494 jactat
788 1450 938 1494 ineptus.

115 1497 141 1530 J
144 1508 184 1529 us
202 1496 307 1529 habet
325 1496 384 1529 ille
402 1496 455 1529 sui
472 1497 585 1540 palpo,
600 1507 704 1540 quem
722 1496 820 1529 ducit
837 1497 1020 1529 hiantemh

117 1542 258 1575 Cretata
274 1541 444 1576 ambitio?
486 1542 604 1586 Vigila
621 1546 656 1576 et
674 1542 763 1576 cicer
778 1542 897 1585 ingere
914 1542 1010 1586 large

117 1588 264 1621 Rixanti
280 1587 417 1632 populo,
435 1592 553 1622 nostra
570 1592 611 1622 ut
629 1588 780 1621 Floralia
796 1588 929 1632 possint

116 1633 237 1678 Aprici
252 1634 450 1668 meminisse
468 1645 574 1668 senes.
616 1634 709 1676 Quid
726 1633 903 1678 pulcrius?
943 1632 992 1666 At
1009 1644 1118 1678 quum

216 1703 229 1721 δ
248 1703 279 1727 fit
428 1710 438 1722 ·
458 1703 549 1728 fissilis
701 1703 712 1719 ἢ
733 1705 851 1736 pergant
998 1709 1009 1721 ο
1027 1709 1150 1727 accersor

265 1738 275 1756 s
293 1739 437 1771 Supplicat
578 1743 591 1761 8
610 1748 659 1764 nec
673 1748 747 1765 nunc
889 1741 902 1757 ἢ
922 1738 994 1763 tollit
1006 1739 1094 1763 hiant.
