1284 1922
474 77 643 112 SATIRA
669 76 731 111 XI.

53 147 209 181 Oreditor
225 145 409 179 introitum
426 145 513 178 solet
530 148 730 189 exspectare
747 143 895 186 macelli,

52 192 100 227 Et
116 192 242 237 quibus
258 192 296 225 in
313 191 383 225 solo
400 190 540 224 vivendi
557 202 662 224 causa
678 190 796 234 palato
813 194 874 222 est.

53 238 223 282 Egregius
239 241 354 271 coenat
369 236 564 279 meliusque
580 237 793 269 miserrimus
809 235 944 277 horum,

54 283 101 318 Et
118 285 186 317 cito
204 294 346 317 casurus
357 284 433 327 jam
449 282 649 327 perlucente
666 282 778 315 ruina.

54 329 194 363 Interea
210 334 334 373 gustus
351 328 523 362 elementa
539 339 602 372 per
618 328 734 361 omnia
751 330 924 371 quaerunt,

53 375 244 419 Nunquam
261 375 377 408 animo
393 374 514 418 pretiis
531 373 750 407 obstantibus
765 385 771 406 :
796 372 944 405 interius
961 371 991 404 si

54 421 238 464 Attendas‚
254 420 366 463 magis
383 420 445 453 ina
456 421 595 464 juvant,
614 430 693 463 quae
710 418 820 463 pluris
838 422 1013 451 emuntur.

54 466 147 510 Ergo
163 466 258 500 haud
275 466 416 499 difficile
432 470 484 499 est
501 465 692 509 perituram
709 475 878 498 arcessere
896 473 1077 504 summam,

54 512 229 546 Lancibus
246 511 412 556 oppositis
428 511 484 545 vel
500 511 621 544 matris
638 511 791 554 imagine
807 510 929 552 fracta,

55 558 103 592 Et
121 558 387 603 quadringentis
403 557 556 590 nummis
573 556 712 590 condire
729 555 892 600 gulosum

56 603 192 638 Fictile.
241 603 297 637 Sic
314 603 462 636 veniunt
478 602 523 636 ad
539 602 761 636 miscellanea
777 601 866 634 ludi.

57 649 177 683 Refert
194 661 283 693 ergo,
301 650 378 692 quis
395 649 469 682 haec
486 648 607 682 eadem
623 652 724 692 paret
740 659 747 681 :
772 647 808 680 in
827 646 946 680 Rutilo
962 657 1047 680 nam

56 695 214 729 Luxuria
231 701 292 738 est,
310 696 348 727 in
365 694 530 728 Ventidio
547 694 723 727 laudabile
740 704 867 726 nomen

58 741 174 775 Sumit
191 745 226 774 et
243 753 264 774 a
280 752 387 773 censu
402 740 533 774 famam
550 740 670 773 trahit.
719 739 827 772 Illum
844 749 907 781 ego
919 738 1000 781 jure

57 787 266 831 Despiciam,
284 786 345 830 qui
362 787 437 829 scit,
456 791 587 830 quanto
605 785 785 818 sumeior
802 783 902 817 Atlas

59 832 228 867 Omnibus
245 833 283 865 in
300 832 410 875 Libya
427 832 472 865 sit
487 831 674 874 montibus,
691 831 749 864 hic
766 834 886 864 tamen
902 829 996 863 idem

59 878 211 922 Ignorct‚
229 882 403 922 quantum
418 878 548 911 ferrata
565 877 671 911 distet
689 875 732 910 ab
748 888 830 910 arca

59 924 235 958 sacculus.
284 924 313 957 E
331 924 416 957 coelo
433 923 612 956 descendit
628 928 724 965 γνῶθι
740 922 884 962 σεαυτὸν,

59 970 259 1014 Figendum
275 974 311 1003 et
326 970 471 1002 memori
487 969 712 1002 tractandum
728 972 875 1012 pectore,
893 967 966 1000 sive

61 1016 270 1060 Conjugium
286 1026 420 1059 quaeras
438 1015 494 1048 vel
511 1015 599 1048 sacri
615 1015 653 1047 in
669 1019 768 1059 parte
785 1013 935 1047 Senatus

60 1062 144 1096 Esse
161 1061 257 1104 velis,
276 1061 354 1105 (nec
371 1061 464 1094 enim
481 1060 623 1094 loricam
639 1060 751 1105 poscit
767 1059 915 1093 Achillis

13 1104 18 1110 ’
61 1107 244 1150 Thersites,
262 1107 300 1140 in
317 1118 386 1151 qua
402 1118 438 1139 se
455 1106 661 1139 traducebat
679 1106 799 1139 Ulixes

61 1152 288 1197 Ancipitem)
307 1164 368 1186 seu
385 1156 427 1185 tu
443 1164 570 1195 magno
588 1151 787 1184 discrimine
804 1161 945 1184 causam

62 1199 248 1242 Protegere
264 1198 405 1231 affectas
421 1211 430 1239 3
454 1202 490 1231 te
507 1197 657 1240 consule,
675 1197 731 1230 dic
748 1195 823 1239 tibi,
841 1196 918 1240 quis
936 1196 991 1238 sis,

64 1245 189 1279 Orator
205 1244 400 1287 vehemens,
417 1255 463 1277 an
481 1243 621 1277 Curtius
637 1248 673 1276 et
690 1243 814 1276 Matho
830 1241 958 1275 buccae.

64 1291 98 1325 N
100 1290 247 1324 oscenda
265 1295 317 1323 est
334 1301 497 1323 mensura
513 1290 568 1322 sui
585 1289 844 1333 spectandaque
859 1287 963 1320 rebus

66 1337 110 1370 In
124 1336 268 1370 summis
284 1335 507 1379 minimisque
521 1348 530 1376 ;
555 1336 662 1368 etiam
680 1346 790 1378 quum
806 1333 910 1377 piscis
927 1336 1072 1375 emetur,

64 1382 119 1416 Ne
134 1381 286 1415 mullum
302 1382 431 1425 cupias,
450 1392 560 1424 quum
577 1381 622 1413 sit
639 1380 705 1413 tibi
722 1379 822 1423 gobio
839 1383 982 1412 tantum

67 1429 110 1462 In
127 1427 260 1461 loculis.
309 1427 393 1468 Quis
411 1427 505 1460 enim
522 1431 565 1468 te,
584 1426 767 1459 deficiente
784 1435 959 1466 crumena,

66 1474 114 1508 Et
131 1477 305 1507 crescente
321 1473 416 1517 gula,
433 1477 552 1505 manet
569 1472 695 1514 exitus,
713 1482 780 1504 aere
796 1475 943 1515 paterno

66 1521 118 1554 Ac
134 1519 237 1552 rebus
253 1519 373 1552 mersis
390 1519 428 1551 in
445 1523 612 1560 ventrem,
629 1517 757 1550 fenoris
774 1521 881 1560 atque

67 1565 214 1608 Argenti
231 1565 347 1608 gravis
364 1569 399 1597 et
415 1575 580 1608 pecorum
597 1573 827 1607 agrorumque
844 1572 1008 1606 capacem
1023 1560 1036 1594 2

67 1610 210 1645 Talibus
226 1621 248 1644 a
264 1610 413 1643 dominis
430 1614 508 1653 post
525 1614 653 1642 cuncta
669 1608 876 1642 novissimus
894 1607 968 1641 exit

68 1656 243 1698 Annulus‚
261 1661 296 1690 et
313 1656 424 1699 djgito
441 1655 620 1689 mendicat
638 1654 748 1688 Pollio
764 1653 868 1688 nudo.

72 1702 153 1736 Non
170 1702 374 1746 praematuri
391 1702 531 1744 cineres,
549 1712 613 1734 nec
629 1700 738 1733 funus
753 1698 917 1733 acerbum

70 1747 249 1792 Luxuriae,
266 1747 326 1782 sed
341 1752 452 1781 morte
467 1747 580 1791 magis
596 1745 785 1780 metuenda.
802 1749 970 1779 senectus

1130 143 1173 174 10

1133 600 1178 632 20

1137 1059 1184 1090 30

1145 1516 1192 1548 40
