1284 1922
512 63 684 99 SATIRA
709 64 785 99 XV.
1143 66 1209 99 115

84 131 132 166 Et
149 143 220 167 sua.
254 132 423 174 Quisnam
440 131 623 165 hominum
639 132 779 165 veniam
795 131 888 175 dare,
906 131 1026 176 quisve
1042 130 1192 166 Deorum

87 178 230 212 Viribus
248 178 411 212 abnuerit
428 178 504 211 dira
520 181 626 221 atque
643 177 812 211 immania
828 178 947 222 passis,

83 223 131 258 Et
150 224 276 268 quibus
293 224 434 258 illorum
450 227 612 268 poterant
629 223 805 267 ignoscere
821 235 951 267 manes,

84 270 240 311 Quorum
258 269 458 314 corporibus
475 269 728 303 vescebantur?
769 269 898 303 Melius
915 281 977 303 nos

82 315 231 349 Zenonis
249 319 424 360 praecepta
439 318 601 348 monent:
625 326 690 348 nec
708 315 801 348 enim
819 316 944 358 omnia,
962 315 1123 360 quaedam

82 360 150 394 Pro
167 362 242 395 vita
257 361 419 395 facienda
435 364 549 405 putat.
590 360 657 394 Sed
677 360 850 394 Cantaber
865 362 960 396 unde

80 406 228 450 Stoicus,
247 407 384 451 antiqui
400 406 594 451 praesertim
611 410 715 440 aetate
732 406 893 441 Metelli?

79 451 114 485 N
117 464 183 486 unc
201 456 295 486 totus
314 453 434 486 Graias
450 456 654 496 nostrasque
670 452 777 486 habet
794 453 884 486 orbis
901 453 1068 488 Athenas.
1137 456 1206 490 110

80 498 194 532 Gallia
211 499 402 532 causidicos
420 498 540 532 docuit
556 498 709 532 facunda
725 498 930 534 Britannos:

77 543 131 577 De
148 544 373 578 conducendo
390 544 546 588 loquitur
557 545 634 588 jam
649 544 786 578 rhetore
804 544 925 579 Thule.

77 588 212 623 Nobilis
229 590 289 623 ille
306 594 425 624 tamen
442 589 601 634 populus,
619 601 723 633 quem
740 590 902 634 diximus,
921 595 956 625 et
974 603 1039 636 par

78 634 222 669 Virtute
239 640 344 680 atque
361 636 439 679 fide,
458 636 516 669 sed
533 637 644 680 major
661 636 768 679 clade,
787 636 967 680 Saguntus

77 680 161 714 Tale
178 682 263 726 quid
281 686 434 716 excusat.
475 681 641 715 Maeotide
658 682 779 715 saevior
795 694 856 716 ara.

75 726 252 771 AEgyptus
267 740 274 761 :
300 728 430 772 quippe
447 727 508 760 illa
525 727 670 761 nefandi
687 728 835 762 Taurica
852 729 940 762 sacri

76 772 262 806 Inventrix
279 773 436 807 homines
455 773 511 817 (ut
523 774 609 817 jam,
628 785 707 817 quae
725 774 881 808 carmina
896 775 1054 819 tradunt,

74 817 192 862 Digna
208 819 276 853 fide
295 819 428 863 credas)
448 823 588 853 tantum
604 819 773 862 immolat,
790 820 938 854 ulterius
955 821 1007 854 nil

79 864 154 898 Aut
169 865 311 908 gravius
329 865 441 899 cultro
459 865 561 898 timet
577 865 701 899 hostia.
743 866 828 907 Quis
845 867 966 900 modoa
983 878 1083 901 casus

75 909 226 954 Impulit
242 910 327 944 hos?
354 922 431 955 quae
449 915 550 945 tanta
566 911 675 944 fames
692 911 889 956 infestaque
906 913 998 947 vallo
1132 915 1200 947 120

74 955 183 989 Arma
201 961 390 1000 coegerunt
407 960 480 990 tam
497 957 702 990 detestabile
717 962 912 991 monstrum

72 1001 235 1036 Audere?
276 1002 379 1036 Anne
396 1003 512 1045 aliam,
529 1006 622 1036 terra
639 1002 872 1047 Memphitide
889 1004 988 1047 sicca,

72 1047 249 1080 Invidiam
266 1048 422 1081 facerent
439 1048 573 1081 nolenti
591 1060 732 1092 surgere
748 1049 780 1081 N
783 1049 853 1083 ilo?

73 1092 150 1133 Qua
166 1105 230 1126 nec
248 1093 419 1127 terribiles
438 1094 576 1137 Cimbri,
594 1105 658 1127 nec
675 1095 835 1128 Britones
852 1107 1017 1140 unquam,

71 1138 354 1183 Sauromataeque
372 1144 488 1173 truces
505 1143 568 1173 aut
585 1140 754 1174 immanes
771 1141 972 1185 Agathyrsi,

71 1183 149 1218 Hae
167 1185 266 1218 saevit
281 1185 376 1218 rabie
393 1185 532 1218 imbelle
550 1189 585 1219 et
601 1185 729 1219 inutile
746 1186 882 1230 vulgus,

69 1229 222 1264 Parvula
239 1230 406 1264 fictilibus
423 1231 565 1264 solitum
582 1231 664 1264 dare
681 1232 759 1265 vela
775 1232 938 1277 phaselis,

68 1274 116 1308 Et
133 1275 295 1309 brevibus
312 1277 416 1321 pictae
432 1277 536 1310 remis
553 1277 753 1314 incumbere
771 1282 879 1312 testae.

69 1320 103 1354 N
105 1333 143 1354 ec
160 1333 300 1365 poenam
318 1322 437 1356 sceleri
454 1323 621 1366 invenies,
638 1334 702 1356 nec
720 1324 827 1367 digna
844 1325 982 1368 parabis

68 1365 250 1411 Supplicia
266 1368 319 1401 his
337 1368 484 1412 populi3,
502 1368 539 1401 in
557 1380 705 1412 quorum
721 1374 838 1402 mente
855 1381 953 1414 pares
972 1374 1055 1405 sunt
1125 1375 1192 1408 130

66 1411 114 1446 Et
130 1413 260 1446 similes
276 1413 329 1447 ira
345 1418 450 1458 atque
467 1414 586 1447 fames.
627 1413 834 1449 Mollissima
850 1416 954 1450 corda

67 1457 234 1492 Humano
250 1459 370 1503 generi
387 1460 469 1493 dare
487 1471 522 1493 se
538 1463 666 1493 natura
683 1460 826 1504 fatetur,

67 1503 151 1544 Quae
168 1504 328 1538 lacrimas
346 1505 461 1539 dedit:
488 1505 562 1538 haee
579 1506 689 1539 nostri
706 1517 785 1550 pars
803 1507 935 1551 optima
952 1520 1082 1544 sensus.

65 1548 210 1584 Plorare
227 1562 306 1594 ergo
319 1551 422 1595 jubet
439 1562 559 1584 casum
575 1550 728 1595 lugentis
745 1553 849 1586 amici

64 1594 336 1640 Squaloremque
352 1597 411 1640 rei,
429 1597 605 1641 pupillum
621 1597 666 1630 ad
678 1599 761 1641 jura
778 1603 962 1634 vocantem

65 1640 418 1686 circumscriptorem,
436 1644 535 1686 cujus
552 1644 733 1676 manantia
749 1644 836 1678 fletu

66 1685 134 1721 Ora
151 1687 322 1731 puellares
338 1689 475 1722 faciunt
491 1689 625 1722 incerta
642 1689 769 1732 capilli.

529 1762 541 1775 ι
561 1755 614 1787 Qui
626 1756 708 1781 modo
