1284 1922
92 61 136 94 10
413 58 456 92 D.
473 57 607 92 JUNII
625 57 650 91 J
652 57 890 91 UVENALIS

92 123 387 168 Omnibusatque
404 124 489 168 ipsis
508 124 635 158 Veneri
652 124 831 166 Martique
847 123 1029 166 timendas,

92 170 212 211 Quum
228 173 282 203 tot
299 170 466 204 abortivis
482 170 671 202 fecundam
690 170 714 203 J
717 169 789 202 ulia
806 169 950 202 vulvam

91 216 261 258 Solveret,
280 219 316 249 et
332 220 459 260 patruo
477 216 606 248 similes
624 215 817 248 effunderet
835 215 927 248 offas.

90 261 217 295 Nonne
234 261 344 305 igitur
356 263 436 305 jure
453 273 493 295 ac
510 261 634 294 merito
650 262 738 294 vitia
755 261 882 293 ultima
898 260 996 293 fictos

92 307 330 341 Contemnunt
347 307 492 340 Scauros
509 313 544 340 et
562 307 734 349 castigata
750 306 947 339 remordent
961 306 973 339 ’.ἱ

135 353 215 386 Non
231 353 317 386 tulit
334 365 378 386 ex
394 353 464 385 illis
482 356 621 386 torvum
639 352 789 385 Laronia
807 352 983 392 quendam

93 398 310 433 Clamantem
326 399 429 432 toties
443 411 450 432 :
476 400 495 416 ‘⁶
508 399 577 432 Ubi
594 410 687 431 nunc
703 399 761 432 lex
778 398 803 431 J
805 398 877 430 ulia
890 399 902 431 ’ἔ
928 397 1055 430 dormis
1069 395 1104 430 2’'

92 444 148 477 Ad
165 456 268 488 quem
286 444 464 478 subridens
478 456 485 478 :
511 445 530 461 ‘⁶
541 444 671 477 Felicia
687 448 851 487 tempora,
868 455 946 487 quie
964 447 998 475 te

92 488 249 523 Moribus
266 494 449 534 opponunt
466 491 472 523 1
501 489 641 523 Habeat
653 491 730 534 jam
748 490 858 522 Roma
874 489 1043 533 pudorem
1058 499 1067 524 ι

92 535 231 568 Tertius
248 547 266 568 e
284 535 369 568 coelo
383 535 511 568 cecidit
529 535 622 569 Cato.
672 535 738 568 Sed
756 538 874 568 tamen
892 534 984 568 unde
1169 535 1217 569 40

92 580 180 614 Haec
197 581 292 622 emis,
309 581 444 614 hirsuto
462 581 596 625 spirant
614 581 834 625 opobalsama
851 581 938 614 00110

94 626 179 667 Quae
197 626 262 660 tibi
276 627 288 660 ’.ἱ
314 627 367 660 Ne
380 627 512 671 pudeat
530 627 711 660 (lominum
726 630 919 660 monstrare
935 625 1099 661 tabernae.

94 672 195 713 Quod
213 672 241 706 si
258 677 433 706 vexantur
449 673 543 716 leges
559 684 599 706 ae
611 674 703 717 jura,
721 673 823 706 citari

92 717 186 752 Ante
203 729 321 752 omnes
339 718 442 752 debet
459 719 640 752 Scantinia
648 725 669 752 ἢ.
719 718 864 762 Respice
883 719 1037 762 primum

92 763 140 797 Et
157 767 310 797 scrutare
327 764 418 798 viros
433 777 441 806 ;
466 764 604 798 faciunt
620 765 659 797 hi
675 764 777 808 plura
791 776 797 797 :
824 764 882 797 sed
899 765 976 797 illos

92 809 261 843 Defendit
277 821 443 843 numerus
455 812 660 854 junctaeque
677 810 827 843 umbone
844 810 1046 854 phalangeS.

92 854 225 898 Magna
241 855 334 889 inter
349 856 470 889 molles
487 856 678 890 concordia.
727 856 806 888 Non
823 856 889 888 erit
906 855 1020 888 ullum

92 900 305 945 Exemplum
321 901 359 934 in
375 906 492 935 nostro
508 906 583 935 tam
600 900 804 935 detestabile
822 913 916 935 sexu.

93 946 200 980 [Pedia
216 959 286 980 non
302 947 426 980 lambit
445 948 612 990 Cluviam,
629 959 693 980 nec
711 947 814 980 Flora
831 946 1005 980 Catullam
1021 958 1028 980 :

94 992 205 1036 Hispo
222 993 316 1026 subit
329 994 477 1037 juvenes
494 996 529 1026 et
545 992 663 1026 morbo
680 993 790 1037 pallet
806 996 964 1036 utroque.
1171 993 1216 1026 50

93 1038 275 1081 Numquid
293 1050 354 1072 nos
371 1039 509 1082 agimus
527 1050 648 1072 causas
665 1039 676 1072 2
703 1039 821 1072 civilia
833 1039 915 1082 jura

93 1083 262 1118 Novimus
276 1084 288 1118 2
314 1088 377 1118 aut
394 1085 466 1118 ullo
485 1085 634 1128 strepitu
650 1085 725 1118 fora
742 1088 857 1117 vestra
873 1095 1051 1117 movemus
1065 1083 1078 1118 ’ἐ

94 1128 289 1163 Luctantur
305 1141 436 1174 pauore,
454 1130 641 1163 comedunt
659 1130 810 1173 coliphia
826 1141 946 1173 paucae
962 1142 968 1162 :

95 1174 162 1208 Vos
180 1175 298 1209 lanam
316 1176 466 1218 trahitis,
486 1175 703 1219 calathisque
720 1180 861 1219 peracta
877 1175 1014 1208 refertis

94 1220 254 1254 Vellera:
272 1233 331 1255 vos
349 1221 448 1254 tenui
464 1225 704 1265 pra‘gnantem
723 1221 870 1254 stamine
886 1222 1006 1254 susum

93 1265 266 1311 Penelope
282 1267 416 1309 melius,
434 1267 545 1300 levius
562 1267 732 1311 torquetis
750 1267 919 1309 Arachne,

93 1312 247 1346 Horrida
263 1313 366 1356 quale
383 1313 469 1346 facit
485 1313 638 1346 residens
656 1313 693 1345 in
711 1313 827 1346 codice
844 1313 969 1356 pellex.

93 1357 227 1392 Notum
243 1362 305 1401 est,
324 1370 386 1392 cur
403 1359 472 1392 solo
490 1359 628 1392 tabulas
645 1359 843 1402 impleverit
861 1359 981 1391 Hister

93 1403 243 1446 Liberto,
261 1404 396 1437 dederit
413 1404 513 1437 vivus
531 1416 592 1437 cur
608 1404 720 1438 multa
738 1404 870 1448 puellae.

93 1449 199 1483 Dives
217 1450 292 1492 erit,
309 1461 436 1493 magno
454 1461 530 1494 quae
548 1450 675 1483 dormit
692 1450 796 1483 tertia
812 1450 912 1484 lecto.
1172 1451 1216 1484 60

94 1494 148 1528 Tu
164 1495 256 1528 nube
273 1499 379 1538 atque
396 1499 473 1529 tace
490 1508 496 1529 :
522 1496 654 1529 donant
671 1507 798 1529 arcana
814 1495 997 1539 cylindros.

93 1540 146 1574 De
163 1540 261 1573 nobis
279 1545 357 1584 post
374 1541 448 1574 haec
466 1542 576 1574 tristis
594 1542 767 1574 sententia
783 1542 903 1574 fertur.

92 1586 165 1619 Dat
181 1586 319 1620 veniam
337 1587 458 1629 corvis,
476 1591 582 1620 vexat
600 1598 744 1620 censma
762 1584 1013 1620 columbas.”—

93 1631 277 1675 Fugerunt
294 1633 423 1676 trepidi
440 1644 520 1665 vera
539 1644 578 1665 ac
594 1633 781 1666 manifesta
798 1637 980 1666 canentem

94 1677 265 1712 Stoicidae.
295 1690 297 1692 ·
315 1678 408 1719 Quid
425 1679 517 1712 enim
534 1678 614 1712 salsi
632 1678 804 1712 Laronia?
830 1678 897 1712 Sed
915 1678 999 1723 quid

578 1742 589 1753 ὃ
609 1735 733 1760 Scantinia
