1284 1922
521 37 695 71 SATIRA
709 37 770 71 IX.

87 102 266 143 Quantum
283 106 357 136 erat
374 103 535 137 exhausti
553 103 687 136 lumbos
704 103 832 136 donare
849 102 986 136 clientis

84 148 110 181 J
112 148 274 191 ugeribus
291 149 428 192 paucis!
455 149 625 182 meliusne
642 149 699 182 hic
715 149 866 182 rusticus
883 148 1010 191 infans,

85 193 172 226 Cum
188 198 299 227 matre
316 198 351 227 et
368 194 494 227 casulis
511 199 546 228 et
563 195 729 228 collusore
747 194 882 237 catello,

84 239 250 280 Cymbala.
265 239 438 283 pulsantis
454 239 612 283 legatum
628 240 689 273 fiet
705 240 809 273 amici
822 238 835 273 2

79 283 89 301 ‘
103 284 283 327 improbus
299 296 344 327 es,
362 295 470 328 quum
487 283 619 328 poscis‚'
636 285 696 318 ait.
745 284 813 317 Sed
830 284 948 327 pensio
965 284 1104 327 clamat,

83 328 189 362 Posce
203 341 212 369 3
237 330 296 362 sed
314 329 468 373 appellat
485 341 572 374 puer
588 330 722 372 unicus,
739 334 780 362 ut
798 329 1005 374 Polyphemi

83 374 172 408 Lata
188 374 287 416 acies,
305 386 366 418 per
383 386 486 418 quam
504 375 620 408 sollers
637 375 747 408 evasit
764 374 895 408 Ulixes.

82 420 182 453 Alter
198 420 362 454 emendus
381 421 463 460 erit3
486 432 637 464 namque
654 420 711 453 hic
728 431 798 454 non
815 420 963 454 sufficit.
957 432 964 439 ·
989 420 1090 454 ambo

82 464 261 499 Pascendi.
303 465 394 506 Quid
411 477 514 509 agam
530 465 653 499 bruma
670 466 823 509 spirante
837 465 849 498 ἲ
875 465 969 508 quid,
987 477 1054 507 oro,

83 511 174 552 Quid
192 511 306 544 dicam
324 512 474 555 scapulis
491 523 678 555 puerorum
695 511 868 555 Aquilone
884 511 1068 544 Decembri

81 556 129 589 Et
146 556 292 600 pedibus
306 556 318 589 ’ἓ
346 558 489 592 ‘durate
505 561 610 601 atquc
627 558 826 598 exspectate
842 555 977 589 cicadas
991 554 1015 589 2⁹

83 601 224 645 Verum,
240 606 282 635 ut
299 602 503 644 dissimules,
521 609 563 635 ut
579 602 699 634 mittas
717 605 840 644 cetera,
859 607 990 645 quanto

81 647 218 680 Metiris
235 648 357 691 pretio,
375 647 475 691 quod,
493 648 531 680 111
548 646 614 680 tibi
630 647 768 680 deditus
785 658 894 680 essem

80 692 305 737 Devotusque
321 693 437 735 cliens,
454 704 544 726 uxor
560 697 622 725 tua
639 692 736 735 virgo
752 696 907 725 maneret
919 693 934 724 ?

81 737 154 772 Scis
171 743 273 781 certe,
291 738 417 782 quibus
433 738 502 771 ista
517 738 638 780 modis,
657 749 764 781 quam
781 749 870 782 saepe
885 738 1017 780 rogaris

80 783 127 817 Et
144 795 223 828 quae
240 784 426 828 pollicitus.
468 784 676 827 Fugientem
694 794 784 827 saepe
801 782 955 827 puellam

80 829 257 874 Amplexu
272 829 374 873 rapui
388 841 395 862 :
420 829 558 862 tabulas
577 840 712 873 quoque
729 833 881 872 ruperat,
899 833 934 861 et
945 830 1022 873 jam

80 875 258 918 Signabat.
299 875 386 908 Tota
402 875 463 908 vix
479 875 544 908 hoc
561 886 624 918 ego
640 878 741 907 nocte
757 874 897 917 redemi,

81 920 128 954 Te
145 921 304 964 plorante
320 921 412 953 foris.
454 921 565 954 Testis
582 920 669 953 1111111
685 920 836 953 lectulus
853 925 888 953 et
908 923 956 962 tu,

85 966 136 999 Ad
153 978 255 1010 quem
271 966 431 1010 pervenit
447 966 529 999 lecti
547 977 648 999 sonus
665 969 700 998 et
717 965 864 998 dominae
882 977 960 999 vox.

82 1010 251 1045 Instabile
268 1023 308 1045 ac
325 1012 442 1044 dirimi
459 1015 612 1055 coeptum
629 1016 664 1044 et
675 1012 751 1054 jam
768 1022 867 1054 paene
884 1011 1036 1045 solutum

81 1057 289 1101 Conjugium
305 1057 342 1090 in
359 1057 478 1090 multis
496 1056 654 1090 domibus
671 1057 821 1090 servavit
838 1057 985 1091 adulter.

81 1103 156 1143 Quo
173 1107 209 1135 te
225 1102 460 1146 circumagas?
485 1113 562 1146 quae
579 1102 692 1146 prima
708 1106 771 1135 aut
787 1102 914 1135 ultima
930 1113 1038 1146 ponas
1052 1102 1064 1135 2

80 1147 228 1181 Nullum
245 1159 325 1191 ergo
341 1148 505 1181 meritum
523 1152 585 1190 est,
601 1148 738 1190 ingrate
755 1158 795 1180 ac
812 1147 952 1191 perfide,
969 1148 1117 1190 nullum,

81 1193 180 1234 Quod
196 1193 262 1227 tibi
278 1193 404 1226 filiolus
421 1193 477 1226 vel
493 1192 566 1226 filia
582 1193 738 1227 nascitur
754 1204 797 1225 ex
814 1204 869 1226 me
883 1193 895 1227 2

79 1239 185 1272 'Pollis
202 1239 304 1282 enim,
321 1243 357 1272 et
373 1238 470 1271 libris
487 1243 643 1272 actorum
660 1250 820 1283 spargere
836 1239 966 1282 gaudes

80 1285 297 1328 Argumenta
312 1284 388 1317 viri.
428 1283 574 1317 Foribus
591 1284 761 1328 suspende
779 1295 932 1327 coronas,

79 1330 105 1363 J
106 1341 163 1363 am
179 1334 278 1374 pater
295 1341 350 1363 es:
376 1329 543 1370 dedimus,
561 1330 652 1374 quod
669 1330 771 1363 famae
788 1341 958 1374 opponere
974 1330 1082 1374 possis
1092 1343 1100 1371 ;

79 1375 105 1408 J
106 1387 170 1408 ura
187 1375 342 1419 parentis
357 1375 473 1417 habes,
490 1380 630 1419 propter
645 1386 732 1408 mes
718 1375 873 1408 scriberis
891 1375 999 1418 heres,

79 1419 250 1464 Legatum
267 1432 368 1454 omne
385 1420 489 1464 capis,
506 1431 570 1454 nee
586 1431 656 1453 non
673 1424 708 1453 et
725 1420 827 1453 dulce
843 1421 1024 1455 caducum.

80 1465 265 1499 Commoda
280 1470 447 1510 praeterea
458 1467 654 1509 jungentur
669 1466 784 1499 multa
800 1466 949 1509 caducis,

78 1510 116 1543 Si
132 1522 324 1554 numerum,
342 1513 370 1545 si
389 1517 457 1546 tres
474 1510 681 1555 implevero?
685 1510 766 1544 —J
768 1517 848 1544 usta
865 1511 1002 1552 doloris,

76 1555 110 1589 N
111 1556 225 1598 evole,
242 1569 345 1591 causa
362 1559 424 1591 tui.
474 1557 601 1591 Contra
617 1560 734 1589 tamen
751 1555 810 1589 ille
826 1556 911 1608 quid
927 1555 1027 1589 affert
1044 1555 1104 1590 1-

79 1602 143 1634 N
145 1602 268 1646 effllglt
281 1607 388 1654 atque
405 1603 515 1637 alium
531 1601 691 1646 bipedem
708 1601 774 1634 sibi
790 1602 917 1645 quaerit
932 1601 1091 1636 asellum.

126 1646 212 1680 Haec
229 1647 291 1680 soli
309 1648 489 1680 commissa
507 1646 570 1680 tibi
588 1647 698 1680 celare
713 1652 898 1691 memento,

78 1691 125 1726 Et
141 1692 270 1726 tacitus
285 1697 420 1726 nostras
436 1692 529 1726 intra
545 1697 579 1726 te
595 1693 663 1736 fige
679 1693 845 1737 querelas.

1155 149 1200 182 60

1153 1058 1196 1090 80

1150 1513 1196 1545 90
