1284 1922
327 255 375 291 D.
407 254 594 291 JUNII
636 255 1021 292 JUVENALIS

206 383 1142 443 SATIRARUM

445 518 614 551 LIBER
648 519 890 553 TERTIUS.

576 626 769 636 mmm—v-

536 691 705 726 SATIRA
733 693 762 726 V
767 693 783 726 Ι
787 693 814 726 Ι.

107 769 160 803 Er
178 781 254 815 spes
271 774 306 804 et
321 772 411 805 ratio
430 773 625 806 studiorum
642 773 679 806 in
698 773 828 806 Caesare
847 776 1008 807 tantum:

107 815 208 849 Solus
225 817 318 850 enim
335 818 450 851 tristes
468 819 533 852 hac
551 823 758 862 tempestate
776 819 942 852 Camenas

107 860 285 906 Respexit,
302 875 410 907 quum
422 865 497 908 jam
515 864 663 897 celebres
681 865 825 908 notique
843 869 952 908 poetae

107 906 314 941 Balneolum
333 909 458 952 Gabiis,
479 910 594 943 Romae
613 911 803 943 conducere
820 911 940 944 furnos

106 952 305 995 Tentarent,
323 966 386 987 nec
403 956 535 989 foedum
552 956 623 999 alii,
641 967 704 989 nec
722 960 824 1000 turpe
842 959 1008 1000 putarent

106 997 285 1033 Praecones
302 1000 376 1033 fieri
392 1013 400 1041 ;
426 1013 544 1045 quum,
562 1002 706 1035 desertis
725 1002 924 1046 Aganippes

107 1043 276 1088 Vallibus‚
294 1047 447 1080 esuriens
464 1048 629 1091 migraret
646 1048 683 1081 in
702 1049 803 1081 Atria
821 1048 902 1082 Clio.

105 1089 197 1123 Nam
215 1092 243 1124 si
260 1092 375 1126 Pieria
392 1094 565 1137 quadrans
583 1094 648 1126 tibi
666 1095 783 1127 nullus
801 1094 837 1126 in
854 1094 978 1127 umbra

108 1135 329 1180 Ostendatur,
347 1150 439 1171 ames
457 1150 582 1172 nomen
599 1140 802 1183 victumque
820 1139 1004 1172 Machaerae

104 1179 151 1215 Et
168 1183 297 1216 vendas
314 1185 439 1227 potiuS‚
459 1185 640 1218 commissa
657 1186 748 1228 quod
766 1185 881 1218 auctio
898 1186 1019 1218 vendit
1185 1187 1228 1218 10

105 1227 295 1271 Stantibus,
314 1230 549 1273 oenophorum,
566 1230 729 1274 tripodes,
746 1231 904 1273 armaria,
923 1232 1036 1274 cistas,

104 1273 290 1308 Alcithoen
307 1274 411 1308 Pacci
420 1284 440 1318 ¹,
458 1275 590 1309 Thebas
608 1281 642 1309 et
660 1277 765 1309 Terea
782 1276 912 1310 Fausti.

105 1317 182 1352 Hoc
200 1321 318 1363 satius,
337 1332 441 1364 quam
459 1321 487 1354 si
505 1322 598 1354 dicas
617 1322 680 1354 sub
692 1322 821 1365 judice,
843 1324 863 1338 “
878 1322 994 1364 Vidi‚”

105 1364 204 1405 Quod
222 1377 292 1399 non
309 1366 438 1400 vidisti.
487 1367 632 1400 Faciant
650 1368 782 1411 equites
800 1368 922 1400 Asiani

106 1410 323 1455 Quanquam,
341 1415 376 1445 et
394 1413 613 1456 Cappadoces
630 1413 763 1446 faciant
780 1413 982 1458 equitesque
999 1413 1156 1457 Bithyni,

104 1456 225 1490 Altera,
242 1469 326 1501 quos
345 1458 439 1491 nudo
457 1458 612 1491 traducit
631 1459 744 1492 Gallia
761 1459 842 1492 talo.

103 1501 213 1535 Nemo
231 1506 349 1536 tamen
367 1504 491 1537 studiis
508 1504 694 1547 indignum
711 1505 799 1537 ferre
817 1505 969 1538 laborem

105 1547 255 1590 cogetur
272 1549 425 1592 posthac,
443 1550 554 1582 nectit
571 1550 772 1594 quicunque
790 1551 922 1583 canoris

104 1591 292 1636 Eloquium
309 1595 426 1628 vocale
443 1595 564 1637 modis,
582 1595 789 1639 laurumque
805 1596 1000 1630 momordit.

104 1637 181 1671 Hoc
198 1640 302 1682 agite,
321 1640 348 1673 O
357 1641 526 1683 juvenes:
553 1641 787 1685 circumspicit
806 1646 840 1674 et
858 1642 1015 1675 stimulat
1033 1653 1092 1676 vos
1181 1644 1226 1675 20

104 1683 359 1730 Materiamque
378 1685 443 1719 sibi
461 1686 568 1719 Ducis
585 1687 809 1730 indulgentia
826 1688 960 1731 quaerit.

521 1747 529 1758 ¹
547 1744 691 1775 Alcyonen
706 1744 819 1769 Bacchi.
