<?xml version="1.0" encoding="UTF-8"?>
<!DOCTYPE html PUBLIC "-//W3C//DTD XHTML 1.0 Transitional//EN"
    "http://www.w3.org/TR/xhtml1/DTD/xhtml1-transitional.dtd">
<html xmlns="http://www.w3.org/1999/xhtml" xml:lang="en" lang="en">
 <head>
  <title>
</title>
<meta http-equiv="Content-Type" content="text/html;charset=utf-8" />
  <meta name='ocr-system' content='tesseract 3.04.00' />
  <meta name='ocr-capabilities' content='ocr_page ocr_carea ocr_par ocr_line ocrx_word'/>
</head>
<body>
  <div class='ocr_page' id='page_1' title='image "./juvenalisetpersi00juveuoft_0013.png"; bbox 0 0 1284 1922; ppageno 0'>
   <div class='ocr_carea' id='block_1_1' title="bbox 504 66 720 101">
    <p class='ocr_par' dir='ltr' id='par_1_1' title="bbox 504 66 720 101">
     <span class='ocr_line' id='line_1_1' title="bbox 504 66 720 101; baseline 0 -1"><span class='ocrx_word' id='word_1_1' title='bbox 504 66 674 100; x_wconf 76' lang='lat' dir='ltr'><strong>SATIRA</strong></span> <span class='ocrx_word' id='word_1_2' title='bbox 693 66 720 101; x_wconf 90' lang='lat'>1.</span> 
     </span>
    </p>
   </div>
   <div class='ocr_carea' id='block_1_2' title="bbox 0 135 1087 1745">
    <p class='ocr_par' dir='ltr' id='par_1_2' title="bbox 52 135 956 180">
     <span class='ocr_line' id='line_1_2' title="bbox 52 135 956 180; baseline -0.003 -9"><span class='ocrx_word' id='word_1_3' title='bbox 52 137 169 179; x_wconf 86' lang='lat' dir='ltr'>Quum</span> <span class='ocrx_word' id='word_1_4' title='bbox 185 136 238 171; x_wconf 85' lang='lat' dir='ltr'>fas</span> <span class='ocrx_word' id='word_1_5' title='bbox 256 147 328 170; x_wconf 87' lang='lat' dir='ltr'>esse</span> <span class='ocrx_word' id='word_1_6' title='bbox 344 139 447 180; x_wconf 82' lang='lat' dir='ltr'>putet</span> <span class='ocrx_word' id='word_1_7' title='bbox 464 147 584 169; x_wconf 82' lang='lat' dir='ltr'>curam</span> <span class='ocrx_word' id='word_1_8' title='bbox 602 139 777 180; x_wconf 54' lang='lat' dir='ltr'>spectare*</span> <span class='ocrx_word' id='word_1_9' title='bbox 797 135 956 180; x_wconf 73' lang='lat' dir='ltr'>cohortis,</span> 
     </span>
    </p>

    <p class='ocr_par' dir='ltr' id='par_1_3' title="bbox 51 181 893 226">
     <span class='ocr_line' id='line_1_3' title="bbox 51 181 893 226; baseline -0.001 -10"><span class='ocrx_word' id='word_1_10' title='bbox 51 183 118 225; x_wconf 87' lang='lat' dir='ltr'>Qui</span> <span class='ocrx_word' id='word_1_11' title='bbox 136 183 226 217; x_wconf 87' lang='lat' dir='ltr'>bona</span> <span class='ocrx_word' id='word_1_12' title='bbox 243 183 388 216; x_wconf 85' lang='lat' dir='ltr'>donavit</span> <span class='ocrx_word' id='word_1_13' title='bbox 405 181 616 226; x_wconf 78' lang='lat' dir='ltr'>praesepibus</span> <span class='ocrx_word' id='word_1_14' title='bbox 634 186 669 215; x_wconf 91' lang='lat' dir='ltr'>et</span> <span class='ocrx_word' id='word_1_15' title='bbox 687 184 780 215; x_wconf 86' lang='lat' dir='ltr'>caret</span> <span class='ocrx_word' id='word_1_16' title='bbox 798 182 893 215; x_wconf 82' lang='lat' dir='ltr'>omni</span> 
     </span>
    </p>

    <p class='ocr_par' dir='ltr' id='par_1_4' title="bbox 49 228 846 273">
     <span class='ocr_line' id='line_1_4' title="bbox 49 228 846 273; baseline -0.004 -10"><span class='ocrx_word' id='word_1_17' title='bbox 49 229 226 273; x_wconf 85' lang='lat' dir='ltr'>Majorum</span> <span class='ocrx_word' id='word_1_18' title='bbox 242 240 358 272; x_wconf 85' lang='lat' dir='ltr'>censu,</span> <span class='ocrx_word' id='word_1_19' title='bbox 376 228 461 261; x_wconf 89' lang='lat' dir='ltr'>dum</span> <span class='ocrx_word' id='word_1_20' title='bbox 479 228 636 272; x_wconf 79' lang='lat' dir='ltr'>pervolat</span> <span class='ocrx_word' id='word_1_21' title='bbox 653 239 720 261; x_wconf 82' lang='lat' dir='ltr'>axe</span> <span class='ocrx_word' id='word_1_22' title='bbox 737 228 846 261; x_wconf 83' lang='lat' dir='ltr'>citato</span> 
     </span>
    </p>

    <p class='ocr_par' dir='ltr' id='par_1_5' title="bbox 48 273 998 318">
     <span class='ocr_line' id='line_1_5' title="bbox 48 273 998 318; baseline -0.001 -10"><span class='ocrx_word' id='word_1_23' title='bbox 48 275 261 311; x_wconf 71' lang='lat' dir='ltr'><strong>Flaminiam</strong></span> <span class='ocrx_word' id='word_1_24' title='bbox 279 286 386 318; x_wconf 88' lang='lat' dir='ltr'>puer:</span> <span class='ocrx_word' id='word_1_25' title='bbox 414 274 636 308; x_wconf 76' lang='lat' dir='ltr'>Automedon</span> <span class='ocrx_word' id='word_1_26' title='bbox 653 285 737 307; x_wconf 89' lang='lat' dir='ltr'>nam</span> <span class='ocrx_word' id='word_1_27' title='bbox 753 273 828 307; x_wconf 87' lang='lat' dir='ltr'>lora</span> <span class='ocrx_word' id='word_1_28' title='bbox 845 273 998 318; x_wconf 83' lang='lat' dir='ltr'>tenebat,</span> 
     </span>
    </p>

    <p class='ocr_par' dir='ltr' id='par_1_6' title="bbox 49 320 825 365">
     <span class='ocr_line' id='line_1_6' title="bbox 49 320 825 365; baseline -0.001 -11"><span class='ocrx_word' id='word_1_29' title='bbox 49 321 129 365; x_wconf 88' lang='lat' dir='ltr'>Ipse</span> <span class='ocrx_word' id='word_1_30' title='bbox 146 321 332 355; x_wconf 87' lang='lat' dir='ltr'>lacernatae</span> <span class='ocrx_word' id='word_1_31' title='bbox 349 332 459 364; x_wconf 85' lang='lat' dir='ltr'>quum</span> <span class='ocrx_word' id='word_1_32' title='bbox 477 331 511 353; x_wconf 92' lang='lat' dir='ltr'>se</span> <span class='ocrx_word' id='word_1_33' title='bbox 524 321 676 364; x_wconf 85' lang='lat' dir='ltr'>jactaret</span> <span class='ocrx_word' id='word_1_34' title='bbox 694 320 825 353; x_wconf 88' lang='lat' dir='ltr'>amicae.</span> 
     </span>
    </p>

    <p class='ocr_par' dir='ltr' id='par_1_7' title="bbox 47 366 840 410">
     <span class='ocr_line' id='line_1_7' title="bbox 47 366 840 410; baseline -0.001 -10"><span class='ocrx_word' id='word_1_35' title='bbox 47 366 173 401; x_wconf 89' lang='lat' dir='ltr'><strong>Nonne</strong></span> <span class='ocrx_word' id='word_1_36' title='bbox 186 367 272 400; x_wconf 90' lang='lat' dir='ltr'>libet</span> <span class='ocrx_word' id='word_1_37' title='bbox 288 366 402 400; x_wconf 85' lang='lat' dir='ltr'>medio</span> <span class='ocrx_word' id='word_1_38' title='bbox 421 377 515 400; x_wconf 88' lang='lat' dir='ltr'>ceras</span> <span class='ocrx_word' id='word_1_39' title='bbox 532 366 679 410; x_wconf 85' lang='lat' dir='ltr'>implere</span> <span class='ocrx_word' id='word_1_40' title='bbox 696 377 840 410; x_wconf 80' lang='lat' dir='ltr'>capaces</span> 
     </span>
    </p>

    <p class='ocr_par' dir='ltr' id='par_1_8' title="bbox 0 411 900 457">
     <span class='ocr_line' id='line_1_8' title="bbox 0 411 900 457; baseline -0.002 -10"><span class='ocrx_word' id='word_1_41' title='bbox 0 427 4 435; x_wconf 72' lang='grc'><strong>’</strong></span> <span class='ocrx_word' id='word_1_42' title='bbox 47 413 236 454; x_wconf 81' lang='lat' dir='ltr'>Quadrivio</span> <span class='ocrx_word' id='word_1_43' title='bbox 253 425 259 446; x_wconf 94' lang='lat'><strong>:</strong></span> <span class='ocrx_word' id='word_1_44' title='bbox 285 424 395 457; x_wconf 89' lang='lat' dir='ltr'>quum</span> <span class='ocrx_word' id='word_1_45' title='bbox 407 413 483 456; x_wconf 88' lang='lat' dir='ltr'>jam</span> <span class='ocrx_word' id='word_1_46' title='bbox 500 416 600 445; x_wconf 83' lang='lat' dir='ltr'>sexta</span> <span class='ocrx_word' id='word_1_47' title='bbox 617 412 750 445; x_wconf 82' lang='lat' dir='ltr'>cervice</span> <span class='ocrx_word' id='word_1_48' title='bbox 765 411 900 445; x_wconf 87' lang='lat' dir='ltr'>feratur</span> 
     </span>
    </p>

    <p class='ocr_par' dir='ltr' id='par_1_9' title="bbox 46 457 986 503">
     <span class='ocr_line' id='line_1_9' title="bbox 46 457 986 503; baseline -0.001 -11"><span class='ocrx_word' id='word_1_49' title='bbox 46 459 142 493; x_wconf 85' lang='lat' dir='ltr'>Hine</span> <span class='ocrx_word' id='word_1_50' title='bbox 160 463 266 503; x_wconf 86' lang='lat' dir='ltr'>atque</span> <span class='ocrx_word' id='word_1_51' title='bbox 282 458 365 492; x_wconf 88' lang='lat' dir='ltr'>inde</span> <span class='ocrx_word' id='word_1_52' title='bbox 381 462 506 502; x_wconf 89' lang='lat' dir='ltr'>patens</span> <span class='ocrx_word' id='word_1_53' title='bbox 523 468 564 491; x_wconf 84' lang='lat' dir='ltr'>ac</span> <span class='ocrx_word' id='word_1_54' title='bbox 580 458 676 491; x_wconf 87' lang='lat' dir='ltr'>nuda</span> <span class='ocrx_word' id='word_1_55' title='bbox 693 469 792 502; x_wconf 86' lang='lat' dir='ltr'>paene</span> <span class='ocrx_word' id='word_1_56' title='bbox 810 457 986 502; x_wconf 82' lang='lat' dir='ltr'>cathedra,</span> 
     </span>
    </p>

    <p class='ocr_par' dir='ltr' id='par_1_10' title="bbox 45 503 846 548">
     <span class='ocr_line' id='line_1_10' title="bbox 45 503 846 548; baseline -0.002 -9"><span class='ocrx_word' id='word_1_57' title='bbox 45 504 93 539; x_wconf 86' lang='lat' dir='ltr'>Et</span> <span class='ocrx_word' id='word_1_58' title='bbox 109 505 263 538; x_wconf 87' lang='lat' dir='ltr'>multum</span> <span class='ocrx_word' id='word_1_59' title='bbox 280 504 432 538; x_wconf 81' lang='lat' dir='ltr'>referens</span> <span class='ocrx_word' id='word_1_60' title='bbox 449 504 492 537; x_wconf 90' lang='lat' dir='ltr'>de</span> <span class='ocrx_word' id='word_1_61' title='bbox 509 503 702 538; x_wconf 83' lang='lat' dir='ltr'>Maecenate</span> <span class='ocrx_word' id='word_1_62' title='bbox 720 504 846 548; x_wconf 89' lang='lat' dir='ltr'>supino</span> 
     </span>
    </p>

    <p class='ocr_par' dir='ltr' id='par_1_11' title="bbox 45 549 1087 595">
     <span class='ocr_line' id='line_1_11' title="bbox 45 549 1087 595; baseline -0.002 -10"><span class='ocrx_word' id='word_1_63' title='bbox 45 551 210 595; x_wconf 84' lang='lat' dir='ltr'>Signator</span> <span class='ocrx_word' id='word_1_64' title='bbox 227 550 324 593; x_wconf 84' lang='lat' dir='ltr'>falso,</span> <span class='ocrx_word' id='word_1_65' title='bbox 342 550 403 594; x_wconf 88' lang='lat' dir='ltr'>qui</span> <span class='ocrx_word' id='word_1_66' title='bbox 421 561 455 584; x_wconf 93' lang='lat' dir='ltr'>se</span> <span class='ocrx_word' id='word_1_67' title='bbox 472 549 612 584; x_wconf 87' lang='lat' dir='ltr'>lautum</span> <span class='ocrx_word' id='word_1_68' title='bbox 629 553 735 594; x_wconf 88' lang='lat' dir='ltr'>atque</span> <span class='ocrx_word' id='word_1_69' title='bbox 752 550 897 583; x_wconf 90' lang='lat' dir='ltr'>beatum</span> <span class='ocrx_word' id='word_1_70' title='bbox 1069 565 1087 588; x_wconf 55' lang='grc' dir='ltr'><em>η</em></span> 
     </span>
    </p>

    <p class='ocr_par' dir='ltr' id='par_1_12' title="bbox 45 596 811 641">
     <span class='ocr_line' id='line_1_12' title="bbox 45 596 811 641; baseline -0.001 -11"><span class='ocrx_word' id='word_1_71' title='bbox 45 597 194 641; x_wconf 82' lang='lat' dir='ltr'>Exiguis</span> <span class='ocrx_word' id='word_1_72' title='bbox 211 596 343 630; x_wconf 82' lang='lat' dir='ltr'>tabulis</span> <span class='ocrx_word' id='word_1_73' title='bbox 361 600 396 629; x_wconf 85' lang='lat' dir='ltr'>et</span> <span class='ocrx_word' id='word_1_74' title='bbox 413 607 551 640; x_wconf 87' lang='lat' dir='ltr'>gemma</span> <span class='ocrx_word' id='word_1_75' title='bbox 567 596 698 630; x_wconf 84' lang='lat' dir='ltr'>fecerat</span> <span class='ocrx_word' id='word_1_76' title='bbox 715 596 785 630; x_wconf 90' lang='lat' dir='ltr'>uda</span> <span class='ocrx_word' id='word_1_77' title='bbox 803 608 811 637; x_wconf 78' lang='lat'><em>3</em></span> 
     </span>
    </p>

    <p class='ocr_par' dir='ltr' id='par_1_13' title="bbox 46 641 938 687">
     <span class='ocr_line' id='line_1_13' title="bbox 46 641 938 687; baseline -0.002 -10"><span class='ocrx_word' id='word_1_78' title='bbox 46 643 206 677; x_wconf 78' lang='lat' dir='ltr'>Occurrit</span> <span class='ocrx_word' id='word_1_79' title='bbox 222 647 384 676; x_wconf 85' lang='lat' dir='ltr'>matrona</span> <span class='ocrx_word' id='word_1_80' title='bbox 400 646 532 687; x_wconf 84' lang='lat' dir='ltr'>potens,</span> <span class='ocrx_word' id='word_1_81' title='bbox 551 654 628 686; x_wconf 82' lang='lat' dir='ltr'>quae</span> <span class='ocrx_word' id='word_1_82' title='bbox 645 642 750 675; x_wconf 90' lang='lat' dir='ltr'>molle</span> <span class='ocrx_word' id='word_1_83' title='bbox 768 641 938 675; x_wconf 85' lang='lat' dir='ltr'>Calenum</span> 
     </span>
    </p>

    <p class='ocr_par' dir='ltr' id='par_1_14' title="bbox 44 688 829 731">
     <span class='ocr_line' id='line_1_14' title="bbox 44 688 829 731; baseline -0.004 -8"><span class='ocrx_word' id='word_1_84' title='bbox 44 688 253 723; x_wconf 86' lang='lat' dir='ltr'>Porrectura</span> <span class='ocrx_word' id='word_1_85' title='bbox 268 689 343 722; x_wconf 78' lang='lat' dir='ltr'>viro</span> <span class='ocrx_word' id='word_1_86' title='bbox 359 688 483 721; x_wconf 88' lang='lat' dir='ltr'>miscet</span> <span class='ocrx_word' id='word_1_87' title='bbox 501 688 641 722; x_wconf 80' lang='lat' dir='ltr'>sitiente</span> <span class='ocrx_word' id='word_1_88' title='bbox 658 688 829 731; x_wconf 78' lang='lat' dir='ltr'>rubetam,</span> 
     </span>
    </p>

    <p class='ocr_par' dir='ltr' id='par_1_15' title="bbox 44 734 936 779">
     <span class='ocr_line' id='line_1_15' title="bbox 44 734 936 779; baseline -0.003 -10"><span class='ocrx_word' id='word_1_89' title='bbox 44 735 278 779; x_wconf 85' lang='lat' dir='ltr'>Instituitque</span> <span class='ocrx_word' id='word_1_90' title='bbox 294 734 397 767; x_wconf 86' lang='lat' dir='ltr'>rudes</span> <span class='ocrx_word' id='word_1_91' title='bbox 414 734 536 767; x_wconf 89' lang='lat' dir='ltr'>melior</span> <span class='ocrx_word' id='word_1_92' title='bbox 553 734 705 767; x_wconf 87' lang='lat' dir='ltr'>Locusta</span> <span class='ocrx_word' id='word_1_93' title='bbox 721 734 936 778; x_wconf 85' lang='lat' dir='ltr'>propinquas</span> 
     </span>
    </p>

    <p class='ocr_par' dir='ltr' id='par_1_16' title="bbox 44 779 1046 871">
     <span class='ocr_line' id='line_1_16' title="bbox 44 779 956 825; baseline -0.002 -10"><span class='ocrx_word' id='word_1_94' title='bbox 44 781 111 815; x_wconf 86' lang='lat' dir='ltr'>Per</span> <span class='ocrx_word' id='word_1_95' title='bbox 127 781 258 815; x_wconf 87' lang='lat' dir='ltr'>famam</span> <span class='ocrx_word' id='word_1_96' title='bbox 275 785 311 814; x_wconf 86' lang='lat' dir='ltr'>et</span> <span class='ocrx_word' id='word_1_97' title='bbox 327 780 498 825; x_wconf 89' lang='lat' dir='ltr'>populum</span> <span class='ocrx_word' id='word_1_98' title='bbox 514 780 631 823; x_wconf 78' lang='lat' dir='ltr'>nigros</span> <span class='ocrx_word' id='word_1_99' title='bbox 649 780 767 813; x_wconf 73' lang='lat' dir='ltr'>effeire</span> <span class='ocrx_word' id='word_1_100' title='bbox 784 781 927 813; x_wconf 86' lang='lat' dir='ltr'>maritos</span> <span class='ocrx_word' id='word_1_101' title='bbox 944 779 956 812; x_wconf 76' lang='lat'>2</span> 
     </span>
     <span class='ocr_line' id='line_1_17' title="bbox 91 825 1046 871; baseline -0.002 -10"><span class='ocrx_word' id='word_1_102' title='bbox 91 827 192 861; x_wconf 87' lang='lat' dir='ltr'>Aude</span> <span class='ocrx_word' id='word_1_103' title='bbox 210 827 344 871; x_wconf 90' lang='lat' dir='ltr'>aliquid</span> <span class='ocrx_word' id='word_1_104' title='bbox 361 825 524 860; x_wconf 83' lang='lat' dir='ltr'>brevibus</span> <span class='ocrx_word' id='word_1_105' title='bbox 542 826 666 870; x_wconf 76' lang='lat' dir='ltr'>Gyaris</span> <span class='ocrx_word' id='word_1_106' title='bbox 683 830 718 860; x_wconf 89' lang='lat' dir='ltr'>et</span> <span class='ocrx_word' id='word_1_107' title='bbox 736 837 871 860; x_wconf 87' lang='lat' dir='ltr'>carcere</span> <span class='ocrx_word' id='word_1_108' title='bbox 889 826 1046 870; x_wconf 83' lang='lat' dir='ltr'>dignum,</span> 
     </span>
    </p>

    <p class='ocr_par' dir='ltr' id='par_1_17' title="bbox 43 872 949 916">
     <span class='ocr_line' id='line_1_18' title="bbox 43 872 949 916; baseline -0.003 -8"><span class='ocrx_word' id='word_1_109' title='bbox 43 873 80 908; x_wconf 83' lang='lat' dir='ltr'>Si</span> <span class='ocrx_word' id='word_1_110' title='bbox 99 874 151 907; x_wconf 84' lang='lat' dir='ltr'>vis</span> <span class='ocrx_word' id='word_1_111' title='bbox 168 885 241 907; x_wconf 87' lang='lat' dir='ltr'>esse</span> <span class='ocrx_word' id='word_1_112' title='bbox 258 872 404 916; x_wconf 83' lang='lat' dir='ltr'>aliquis!</span> <span class='ocrx_word' id='word_1_113' title='bbox 432 872 592 906; x_wconf 85' lang='lat' dir='ltr'>Probitas</span> <span class='ocrx_word' id='word_1_114' title='bbox 610 872 776 906; x_wconf 86' lang='lat' dir='ltr'>laudatur</span> <span class='ocrx_word' id='word_1_115' title='bbox 792 876 828 905; x_wconf 91' lang='lat' dir='ltr'>et</span> <span class='ocrx_word' id='word_1_116' title='bbox 845 872 949 916; x_wconf 84' lang='lat' dir='ltr'>alget.</span> 
     </span>
    </p>

    <p class='ocr_par' dir='ltr' id='par_1_18' title="bbox 44 918 898 962">
     <span class='ocr_line' id='line_1_19' title="bbox 44 918 898 962; baseline -0.004 -9"><span class='ocrx_word' id='word_1_117' title='bbox 44 920 256 953; x_wconf 80' lang='lat' dir='ltr'>Criminibus</span> <span class='ocrx_word' id='word_1_118' title='bbox 273 919 401 952; x_wconf 87' lang='lat' dir='ltr'>debent</span> <span class='ocrx_word' id='word_1_119' title='bbox 418 918 544 960; x_wconf 87' lang='lat' dir='ltr'>hortos,</span> <span class='ocrx_word' id='word_1_120' title='bbox 563 918 734 962; x_wconf 85' lang='lat' dir='ltr'>praetoria,</span> <span class='ocrx_word' id='word_1_121' title='bbox 751 929 898 961; x_wconf 79' lang='lat' dir='ltr'>mensas,</span> 
     </span>
    </p>

    <p class='ocr_par' dir='ltr' id='par_1_19' title="bbox 43 964 1014 1009">
     <span class='ocr_line' id='line_1_20' title="bbox 43 964 1014 1009; baseline -0.001 -10"><span class='ocrx_word' id='word_1_122' title='bbox 43 966 241 1009; x_wconf 84' lang='lat' dir='ltr'>Argentum</span> <span class='ocrx_word' id='word_1_123' title='bbox 258 969 360 998; x_wconf 87' lang='lat' dir='ltr'>vetus</span> <span class='ocrx_word' id='word_1_124' title='bbox 377 969 413 998; x_wconf 84' lang='lat' dir='ltr'>et</span> <span class='ocrx_word' id='word_1_125' title='bbox 431 968 583 998; x_wconf 88' lang='lat' dir='ltr'>stantem</span> <span class='ocrx_word' id='word_1_126' title='bbox 601 968 702 997; x_wconf 81' lang='lat' dir='ltr'>extra</span> <span class='ocrx_word' id='word_1_127' title='bbox 718 964 845 1008; x_wconf 82' lang='lat' dir='ltr'>pooula</span> <span class='ocrx_word' id='word_1_128' title='bbox 861 975 1014 1008; x_wconf 89' lang='lat' dir='ltr'>caprum.</span> 
     </span>
    </p>

    <p class='ocr_par' dir='ltr' id='par_1_20' title="bbox 44 1010 940 1056">
     <span class='ocr_line' id='line_1_21' title="bbox 44 1010 940 1056; baseline -0.004 -10"><span class='ocrx_word' id='word_1_129' title='bbox 44 1012 156 1053; x_wconf 87' lang='lat' dir='ltr'>Quem</span> <span class='ocrx_word' id='word_1_130' title='bbox 172 1011 310 1056; x_wconf 86' lang='lat' dir='ltr'>patitur</span> <span class='ocrx_word' id='word_1_131' title='bbox 327 1010 476 1044; x_wconf 86' lang='lat' dir='ltr'>dormire</span> <span class='ocrx_word' id='word_1_132' title='bbox 492 1021 602 1043; x_wconf 87' lang='lat' dir='ltr'>nurus</span> <span class='ocrx_word' id='word_1_133' title='bbox 619 1013 801 1054; x_wconf 87' lang='lat' dir='ltr'>corruptor</span> <span class='ocrx_word' id='word_1_134' title='bbox 817 1021 940 1052; x_wconf 77' lang='lat' dir='ltr'>avarae,</span> 
     </span>
    </p>

    <p class='ocr_par' dir='ltr' id='par_1_21' title="bbox 45 1055 931 1102">
     <span class='ocr_line' id='line_1_22' title="bbox 45 1055 931 1102; baseline -0.003 -11"><span class='ocrx_word' id='word_1_135' title='bbox 45 1058 156 1099; x_wconf 82' lang='lat' dir='ltr'>Quem</span> <span class='ocrx_word' id='word_1_136' title='bbox 174 1068 307 1102; x_wconf 79' lang='lat' dir='ltr'>sponsae</span> <span class='ocrx_word' id='word_1_137' title='bbox 324 1060 444 1100; x_wconf 87' lang='lat' dir='ltr'>turpes</span> <span class='ocrx_word' id='word_1_138' title='bbox 462 1060 497 1089; x_wconf 93' lang='lat' dir='ltr'>et</span> <span class='ocrx_word' id='word_1_139' title='bbox 514 1059 746 1100; x_wconf 64' lang='lat' dir='ltr'>praetextatus</span> <span class='ocrx_word' id='word_1_140' title='bbox 763 1055 902 1089; x_wconf 86' lang='lat' dir='ltr'>adulter</span> <span class='ocrx_word' id='word_1_141' title='bbox 918 1055 931 1089; x_wconf 70' lang='lat'><strong><em>2</em></strong></span> 
     </span>
    </p>

    <p class='ocr_par' dir='ltr' id='par_1_22' title="bbox 43 1102 846 1146">
     <span class='ocr_line' id='line_1_23' title="bbox 43 1102 846 1146; baseline -0.005 -8"><span class='ocrx_word' id='word_1_142' title='bbox 43 1103 81 1138; x_wconf 84' lang='lat' dir='ltr'>Si</span> <span class='ocrx_word' id='word_1_143' title='bbox 97 1107 226 1137; x_wconf 85' lang='lat' dir='ltr'>natura</span> <span class='ocrx_word' id='word_1_144' title='bbox 242 1106 359 1146; x_wconf 78' lang='lat' dir='ltr'>negat,</span> <span class='ocrx_word' id='word_1_145' title='bbox 377 1102 464 1135; x_wconf 87' lang='lat' dir='ltr'>facit</span> <span class='ocrx_word' id='word_1_146' title='bbox 481 1102 679 1145; x_wconf 82' lang='lat' dir='ltr'>indignatio</span> <span class='ocrx_word' id='word_1_147' title='bbox 697 1113 846 1144; x_wconf 80' lang='lat' dir='ltr'>versum,</span> 
     </span>
    </p>

    <p class='ocr_par' dir='ltr' id='par_1_23' title="bbox 44 1147 993 1239">
     <span class='ocr_line' id='line_1_24' title="bbox 44 1147 993 1193; baseline -0.003 -10"><span class='ocrx_word' id='word_1_148' title='bbox 44 1150 342 1193; x_wconf 87' lang='lat' dir='ltr'>Qualemcumque</span> <span class='ocrx_word' id='word_1_149' title='bbox 360 1152 484 1192; x_wconf 86' lang='lat' dir='ltr'>potest,</span> <span class='ocrx_word' id='word_1_150' title='bbox 502 1147 622 1192; x_wconf 86' lang='lat' dir='ltr'>quales</span> <span class='ocrx_word' id='word_1_151' title='bbox 639 1159 702 1191; x_wconf 86' lang='lat' dir='ltr'>ego</span> <span class='ocrx_word' id='word_1_152' title='bbox 720 1147 776 1181; x_wconf 77' lang='lat' dir='ltr'>vel</span> <span class='ocrx_word' id='word_1_153' title='bbox 794 1147 993 1181; x_wconf 85' lang='lat' dir='ltr'>Cluvienus.</span> 
     </span>
     <span class='ocr_line' id='line_1_25' title="bbox 89 1193 962 1239; baseline -0.003 -10"><span class='ocrx_word' id='word_1_154' title='bbox 89 1196 145 1229; x_wconf 83' lang='lat' dir='ltr'>Ex</span> <span class='ocrx_word' id='word_1_155' title='bbox 163 1206 230 1239; x_wconf 90' lang='lat' dir='ltr'>quo</span> <span class='ocrx_word' id='word_1_156' title='bbox 246 1194 450 1236; x_wconf 83' lang='lat' dir='ltr'>Deucalion,</span> <span class='ocrx_word' id='word_1_157' title='bbox 466 1193 595 1227; x_wconf 87' lang='lat' dir='ltr'>nimbis</span> <span class='ocrx_word' id='word_1_158' title='bbox 612 1193 818 1227; x_wconf 85' lang='lat' dir='ltr'>tollentibus</span> <span class='ocrx_word' id='word_1_159' title='bbox 837 1204 962 1236; x_wconf 83' lang='lat' dir='ltr'>aequor,</span> 
     </span>
    </p>

    <p class='ocr_par' dir='ltr' id='par_1_24' title="bbox 41 1240 918 1286">
     <span class='ocr_line' id='line_1_26' title="bbox 41 1240 918 1286; baseline -0.003 -11"><span class='ocrx_word' id='word_1_160' title='bbox 41 1241 193 1286; x_wconf 82' lang='lat' dir='ltr'>Navigio</span> <span class='ocrx_word' id='word_1_161' title='bbox 209 1245 364 1274; x_wconf 89' lang='lat' dir='ltr'>montem</span> <span class='ocrx_word' id='word_1_162' title='bbox 382 1240 539 1274; x_wconf 88' lang='lat' dir='ltr'>ascendit</span> <span class='ocrx_word' id='word_1_163' title='bbox 556 1243 734 1283; x_wconf 87' lang='lat' dir='ltr'>sortesque</span> <span class='ocrx_word' id='word_1_164' title='bbox 751 1240 918 1283; x_wconf 84' lang='lat' dir='ltr'>poposcit,</span> 
     </span>
    </p>

    <p class='ocr_par' dir='ltr' id='par_1_25' title="bbox 41 1285 877 1331">
     <span class='ocr_line' id='line_1_27' title="bbox 41 1285 877 1331; baseline -0.005 -9"><span class='ocrx_word' id='word_1_165' title='bbox 41 1287 291 1331; x_wconf 87' lang='lat' dir='ltr'>Paulatimque</span> <span class='ocrx_word' id='word_1_166' title='bbox 308 1286 425 1320; x_wconf 88' lang='lat' dir='ltr'>anima</span> <span class='ocrx_word' id='word_1_167' title='bbox 443 1286 628 1319; x_wconf 89' lang='lat' dir='ltr'>caluerunt</span> <span class='ocrx_word' id='word_1_168' title='bbox 644 1285 765 1319; x_wconf 89' lang='lat' dir='ltr'>mollia</span> <span class='ocrx_word' id='word_1_169' title='bbox 782 1297 877 1329; x_wconf 82' lang='lat' dir='ltr'>saxa,</span> 
     </span>
    </p>

    <p class='ocr_par' dir='ltr' id='par_1_26' title="bbox 41 1331 876 1375">
     <span class='ocr_line' id='line_1_28' title="bbox 41 1331 876 1375; baseline -0.004 -8"><span class='ocrx_word' id='word_1_170' title='bbox 41 1333 89 1367; x_wconf 87' lang='lat' dir='ltr'>Et-</span> <span class='ocrx_word' id='word_1_171' title='bbox 105 1333 260 1367; x_wconf 88' lang='lat' dir='ltr'>maribus</span> <span class='ocrx_word' id='word_1_172' title='bbox 276 1332 389 1365; x_wconf 86' lang='lat' dir='ltr'>nudas</span> <span class='ocrx_word' id='word_1_173' title='bbox 407 1332 560 1365; x_wconf 85' lang='lat' dir='ltr'>ostendit</span> <span class='ocrx_word' id='word_1_174' title='bbox 577 1331 714 1375; x_wconf 81' lang='lat' dir='ltr'>Pyrrha</span> <span class='ocrx_word' id='word_1_175' title='bbox 730 1331 876 1375; x_wconf 59' lang='lat' dir='ltr'>puellm,</span> 
     </span>
    </p>

    <p class='ocr_par' dir='ltr' id='par_1_27' title="bbox 43 1376 1087 1423">
     <span class='ocr_line' id='line_1_29' title="bbox 43 1376 1087 1423; baseline -0.001 -11"><span class='ocrx_word' id='word_1_176' title='bbox 43 1379 222 1423; x_wconf 82' lang='lat' dir='ltr'>Quidquid</span> <span class='ocrx_word' id='word_1_177' title='bbox 239 1382 352 1422; x_wconf 84' lang='lat' dir='ltr'>agunt</span> <span class='ocrx_word' id='word_1_178' title='bbox 369 1378 536 1420; x_wconf 84' lang='lat' dir='ltr'>homines,</span> <span class='ocrx_word' id='word_1_179' title='bbox 553 1382 685 1417; x_wconf 87' lang='lat' dir='ltr'>votum,</span> <span class='ocrx_word' id='word_1_180' title='bbox 703 1377 816 1419; x_wconf 82' lang='lat' dir='ltr'>timor,</span> <span class='ocrx_word' id='word_1_181' title='bbox 834 1376 896 1420; x_wconf 88' lang='lat' dir='ltr'>ira,</span> <span class='ocrx_word' id='word_1_182' title='bbox 915 1376 1087 1422; x_wconf 72' lang='lat' dir='ltr'>voluptaS,</span> 
     </span>
    </p>

    <p class='ocr_par' dir='ltr' id='par_1_28' title="bbox 42 1422 881 1469">
     <span class='ocr_line' id='line_1_30' title="bbox 42 1422 881 1469; baseline -0.005 -10"><span class='ocrx_word' id='word_1_183' title='bbox 42 1426 189 1469; x_wconf 87' lang='lat' dir='ltr'>Gaudia,</span> <span class='ocrx_word' id='word_1_184' title='bbox 207 1425 392 1467; x_wconf 85' lang='lat' dir='ltr'>discursus,</span> <span class='ocrx_word' id='word_1_185' title='bbox 410 1423 521 1457; x_wconf 87' lang='lat' dir='ltr'>nostri</span> <span class='ocrx_word' id='word_1_186' title='bbox 538 1427 590 1457; x_wconf 88' lang='lat' dir='ltr'>est</span> <span class='ocrx_word' id='word_1_187' title='bbox 606 1422 745 1466; x_wconf 86' lang='lat' dir='ltr'>farrago</span> <span class='ocrx_word' id='word_1_188' title='bbox 761 1422 881 1456; x_wconf 87' lang='lat' dir='ltr'>libelli.</span> 
     </span>
    </p>

    <p class='ocr_par' dir='ltr' id='par_1_29' title="bbox 40 1468 892 1516">
     <span class='ocr_line' id='line_1_31' title="bbox 40 1468 892 1516; baseline -0.005 -11"><span class='ocrx_word' id='word_1_189' title='bbox 40 1471 89 1505; x_wconf 88' lang='lat' dir='ltr'>Et</span> <span class='ocrx_word' id='word_1_190' title='bbox 106 1471 246 1516; x_wconf 88' lang='lat' dir='ltr'>quando</span> <span class='ocrx_word' id='word_1_191' title='bbox 262 1470 400 1503; x_wconf 85' lang='lat' dir='ltr'>uberior</span> <span class='ocrx_word' id='word_1_192' title='bbox 416 1470 584 1503; x_wconf 79' lang='lat' dir='ltr'>vitiorum</span> <span class='ocrx_word' id='word_1_193' title='bbox 601 1469 700 1513; x_wconf 88' lang='lat' dir='ltr'>copia</span> <span class='ocrx_word' id='word_1_194' title='bbox 714 1468 726 1502; x_wconf 74' lang='grc'><em>2</em></span> <span class='ocrx_word' id='word_1_195' title='bbox 752 1469 892 1512; x_wconf 86' lang='lat' dir='ltr'>quando</span> 
     </span>
    </p>

    <p class='ocr_par' dir='ltr' id='par_1_30' title="bbox 41 1514 864 1562">
     <span class='ocr_line' id='line_1_32' title="bbox 41 1514 864 1562; baseline -0.005 -11"><span class='ocrx_word' id='word_1_196' title='bbox 41 1517 156 1562; x_wconf 86' lang='lat' dir='ltr'>Major</span> <span class='ocrx_word' id='word_1_197' title='bbox 172 1516 330 1550; x_wconf 85' lang='lat' dir='ltr'>avaritiae</span> <span class='ocrx_word' id='word_1_198' title='bbox 347 1515 465 1560; x_wconf 85' lang='lat' dir='ltr'>patuit</span> <span class='ocrx_word' id='word_1_199' title='bbox 483 1514 605 1548; x_wconf 70' lang='lat' dir='ltr'>sinus?</span> <span class='ocrx_word' id='word_1_200' title='bbox 630 1515 707 1548; x_wconf 84' lang='lat' dir='ltr'>alea</span> <span class='ocrx_word' id='word_1_201' title='bbox 725 1514 864 1558; x_wconf 82' lang='lat' dir='ltr'>quando</span> 
     </span>
    </p>

    <p class='ocr_par' dir='ltr' id='par_1_31' title="bbox 41 1560 1050 1606">
     <span class='ocr_line' id='line_1_33' title="bbox 41 1560 1050 1606; baseline -0.004 -9"><span class='ocrx_word' id='word_1_202' title='bbox 41 1563 116 1597; x_wconf 90' lang='lat' dir='ltr'>Hos</span> <span class='ocrx_word' id='word_1_203' title='bbox 133 1563 266 1597; x_wconf 87' lang='lat' dir='ltr'>animos</span> <span class='ocrx_word' id='word_1_204' title='bbox 283 1562 295 1596; x_wconf 73' lang='grc' dir='ltr'>’ἒ</span> <span class='ocrx_word' id='word_1_205' title='bbox 321 1562 442 1606; x_wconf 84' lang='lat' dir='ltr'>Neque</span> <span class='ocrx_word' id='word_1_206' title='bbox 459 1561 553 1595; x_wconf 88' lang='lat' dir='ltr'>enim</span> <span class='ocrx_word' id='word_1_207' title='bbox 570 1560 693 1594; x_wconf 87' lang='lat' dir='ltr'>loculis</span> <span class='ocrx_word' id='word_1_208' title='bbox 711 1560 961 1594; x_wconf 83' lang='lat' dir='ltr'>comitantibus</span> <span class='ocrx_word' id='word_1_209' title='bbox 977 1560 1050 1594; x_wconf 83' lang='lat' dir='ltr'>itur</span> 
     </span>
    </p>

    <p class='ocr_par' dir='ltr' id='par_1_32' title="bbox 41 1606 859 1651">
     <span class='ocr_line' id='line_1_34' title="bbox 41 1606 859 1651; baseline -0.005 -8"><span class='ocrx_word' id='word_1_210' title='bbox 41 1609 98 1643; x_wconf 88' lang='lat' dir='ltr'>Ad</span> <span class='ocrx_word' id='word_1_211' title='bbox 115 1620 235 1642; x_wconf 85' lang='lat' dir='ltr'>casum</span> <span class='ocrx_word' id='word_1_212' title='bbox 251 1608 391 1649; x_wconf 87' lang='lat' dir='ltr'>tabulae,</span> <span class='ocrx_word' id='word_1_213' title='bbox 408 1607 522 1651; x_wconf 88' lang='lat' dir='ltr'>posita</span> <span class='ocrx_word' id='word_1_214' title='bbox 540 1607 599 1640; x_wconf 88' lang='lat' dir='ltr'>sed</span> <span class='ocrx_word' id='word_1_215' title='bbox 616 1606 753 1640; x_wconf 88' lang='lat' dir='ltr'>luditur</span> <span class='ocrx_word' id='word_1_216' title='bbox 770 1617 859 1640; x_wconf 87' lang='lat' dir='ltr'>arca.</span> 
     </span>
    </p>

    <p class='ocr_par' dir='ltr' id='par_1_33' title="bbox 42 1649 816 1699">
     <span class='ocr_line' id='line_1_35' title="bbox 42 1649 816 1699; baseline -0.005 -10"><span class='ocrx_word' id='word_1_217' title='bbox 42 1654 172 1689; x_wconf 82' lang='lat' dir='ltr'>Proelia</span> <span class='ocrx_word' id='word_1_218' title='bbox 188 1657 322 1699; x_wconf 89' lang='lat' dir='ltr'>quanta</span> <span class='ocrx_word' id='word_1_219' title='bbox 338 1654 411 1687; x_wconf 88' lang='lat' dir='ltr'>illic</span> <span class='ocrx_word' id='word_1_220' title='bbox 429 1649 666 1697; x_wconf 77' lang='lat' dir='ltr'>dispensatore</span> <span class='ocrx_word' id='word_1_221' title='bbox 683 1651 816 1686; x_wconf 84' lang='lat' dir='ltr'>videbis</span> 
     </span>
    </p>

    <p class='ocr_par' dir='ltr' id='par_1_34' title="bbox 40 1699 928 1745">
     <span class='ocr_line' id='line_1_36' title="bbox 40 1699 928 1745; baseline -0.003 -10"><span class='ocrx_word' id='word_1_222' title='bbox 40 1701 223 1745; x_wconf 85' lang='lat' dir='ltr'>Armigero</span> <span class='ocrx_word' id='word_1_223' title='bbox 237 1700 250 1734; x_wconf 72' lang='grc' dir='ltr'>’ἐ</span> <span class='ocrx_word' id='word_1_224' title='bbox 276 1699 479 1745; x_wconf 80' lang='lat' dir='ltr'>Simplexne</span> <span class='ocrx_word' id='word_1_225' title='bbox 494 1699 592 1732; x_wconf 85' lang='lat' dir='ltr'>furor</span> <span class='ocrx_word' id='word_1_226' title='bbox 609 1699 768 1733; x_wconf 87' lang='lat' dir='ltr'>sestertia</span> <span class='ocrx_word' id='word_1_227' title='bbox 786 1701 928 1732; x_wconf 88' lang='lat' dir='ltr'>centum</span> 
     </span>
    </p>
   </div>
   <div class='ocr_carea' id='block_1_3' title="bbox 455 1756 728 1790">
    <p class='ocr_par' dir='ltr' id='par_1_35' title="bbox 455 1756 728 1790">
     <span class='ocr_line' id='line_1_37' title="bbox 455 1756 728 1790; baseline -0.004 -9"><span class='ocrx_word' id='word_1_228' title='bbox 455 1761 466 1773; x_wconf 84' lang='lat'><strong>¹</strong></span> <span class='ocrx_word' id='word_1_229' title='bbox 484 1764 596 1790; x_wconf 78' lang='lat' dir='ltr'>sperare</span> <span class='ocrx_word' id='word_1_230' title='bbox 608 1756 728 1781; x_wconf 76' lang='lat' dir='ltr'>cohortis</span> 
     </span>
    </p>
   </div>
   <div class='ocr_carea' id='block_1_4' title="bbox 1134 229 1178 260">
    <p class='ocr_par' dir='ltr' id='par_1_36' title="bbox 1134 229 1178 260">
     <span class='ocr_line' id='line_1_38' title="bbox 1134 229 1178 260; baseline 0 0"><span class='ocrx_word' id='word_1_231' title='bbox 1134 229 1178 260; x_wconf 89' lang='grc'>60</span> 
     </span>
    </p>
   </div>
   <div class='ocr_carea' id='block_1_5' title="bbox 1131 689 1174 723">
    <p class='ocr_par' dir='ltr' id='par_1_37' title="bbox 1131 689 1174 723">
     <span class='ocr_line' id='line_1_39' title="bbox 1131 689 1174 723; baseline -0.023 0"><span class='ocrx_word' id='word_1_232' title='bbox 1131 689 1174 723; x_wconf 87' lang='grc'>70</span> 
     </span>
    </p>
   </div>
   <div class='ocr_carea' id='block_1_6' title="bbox 1129 1150 1173 1181">
    <p class='ocr_par' dir='ltr' id='par_1_38' title="bbox 1129 1150 1173 1181">
     <span class='ocr_line' id='line_1_40' title="bbox 1129 1150 1173 1181; baseline 0 0"><span class='ocrx_word' id='word_1_233' title='bbox 1129 1150 1173 1181; x_wconf 81' lang='grc'>80</span> 
     </span>
    </p>
   </div>
   <div class='ocr_carea' id='block_1_7' title="bbox 1124 1609 1170 1640">
    <p class='ocr_par' dir='ltr' id='par_1_39' title="bbox 1124 1609 1170 1640">
     <span class='ocr_line' id='line_1_41' title="bbox 1124 1609 1170 1640; baseline 0 0"><span class='ocrx_word' id='word_1_234' title='bbox 1124 1609 1170 1640; x_wconf 88' lang='grc'>90</span> 
     </span>
    </p>
   </div>
  </div>
 </body>
</html>
