1284 1922
509 53 678 87 SATIRA
698 53 779 88 VII.
1162 58 1204 91 61

80 117 262 152 Nutricem
280 119 450 163 Anchiste7
468 131 594 154 nomen
612 121 832 165 patriamque
844 132 1000 155 novercae

78 164 305 198 Archemoria
319 177 328 206 ;
353 165 458 209 dicat,
476 170 561 209 quot
578 166 719 200 Acestes
737 167 865 200 vixerit
882 178 1000 211 annOS,

80 210 173 250 Quot
190 210 327 244 Siculus
345 210 543 255 Phrygibus
561 212 634 246 vini
652 213 834 246 donaverit
851 225 966 248 urnas.

79 255 232 299 Exigit-e,
250 260 291 289 ut
307 268 418 290 mores
436 262 571 291 teneros
589 269 653 291 ceu
669 259 795 302 pollice
813 258 929 302 ducat,

80 301 130 334 Ut
147 302 177 334 si
193 302 270 346 quis
288 313 365 336 cera
382 303 523 336 vultum
539 304 626 337 facit
641 317 649 345 3
675 304 818 347 exigite,
836 309 877 338 ut
894 305 940 339 sit

78 346 126 380 Et
142 351 243 391 pater
258 348 367 392 ipsius
385 353 504 392 coetus,
522 361 566 382 ne
583 350 703 394 turpia
718 350 856 393 ludant,

78 395 132 429 Ne
148 396 280 429 faciant
297 396 440 430 vicibus.
489 398 508 415 ‘⁶
523 396 554 431 N
559 408 603 430 en
621 402 672 430 est
689 397 764 430 leve
781 401 834 430 tot
852 407 1039 441 puerorum
1133 396 1201 429 240

79 441 266 475 Observare
283 454 406 476 manus
423 443 608 488 oculosque
624 443 662 476 in
677 443 746 476 fine
764 442 984 477 trementes.”

80 486 230 528 “Haec‚'’
251 488 378 532 inquit,
397 490 415 506 “
429 501 527 523 cures
547 495 591 530 et,
611 500 721 533 quum
739 500 773 522 se
791 489 934 522 verterit
950 499 1073 530 annus,

78 533 216 578 Accipe,
234 535 356 569 victori
373 536 524 580 populus
543 536 635 579 quod
653 535 818 580 postulat,
835 534 994 569 amum.”

555 658 729 668 umuwwvw

458 757 689 794 SATIRA
717 758 829 795 VIII.

82 843 290 877 STEMMATA
307 843 392 887 quid
408 843 569 877 faciunt?
597 843 683 887 quid
700 843 850 887 prodest,
868 843 1024 889 Pontice,
1041 844 1146 889 longo

82 889 261 932 Sanguine
279 889 419 932 censeri,
437 889 617 933 pictosque
636 889 816 922 ostendere
833 889 954 923 vultus

82 934 259 979 Majonun
277 938 312 968 et
330 938 462 968 stantes
480 935 517 967 in
535 935 693 968 curribus
710 935 929 978 AEmilianos,

82 981 130 1014 Et
148 981 268 1014 Curios
281 981 356 1024 jam
374 981 545 1023 dimidios,
559 981 790 1024 humerosque
806 981 976 1014 minorem

83 1027 281 1070 Corvinum,
300 1030 336 1059 et
354 1026 499 1060 Galbam
517 1027 682 1059 auriculis
700 1038 852 1070 nasoque
870 1027 1069 1062 carentem?

84 1073 170 1113 Quis
187 1072 334 1115 fructus,
352 1072 488 1115 generis
505 1072 628 1105 tabula
640 1073 777 1115 jactare
794 1073 915 1116 capaci

84 1117 303 1161 [Corvinum‚
321 1118 465 1161 posthac
482 1118 597 1151 inulta
615 1118 816 1161 contingere
834 1119 953 1164 virga]

84 1164 252 1198 Fumosos
270 1164 430 1207 equitum
447 1174 528 1196 cum
545 1163 716 1196 dictatore
732 1164 927 1207 magistros,

84 1209 120 1243 Si
138 1221 253 1243 coram
270 1209 409 1254 Lepidis
426 1209 517 1242 male
534 1209 688 1243 vivitur?
714 1209 843 1253 effigies
862 1221 930 1254 quo

83 1255 149 1289 Tot
166 1255 385 1298 bellatorium,
404 1255 432 1288 si
448 1255 585 1288 luditur
602 1254 678 1288 alea
694 1267 827 1298 pernox
1165 1259 1209 1291 10

83 1301 177 1334 Ante
194 1301 449 1342 Numantinos;
475 1301 504 1334 si
521 1301 671 1334 dormire
687 1301 815 1345 incipis
833 1304 914 1335 ortu

83 1347 247 1390 Luciferi,
265 1358 334 1391 quo
352 1347 451 1390 signa
468 1347 572 1380 duces
591 1350 625 1380 et
643 1350 756 1380 castra
772 1347 982 1382 movebant?

85 1393 154 1426 Cur
171 1392 400 1436 Allobrogicis
417 1396 452 1425 et
469 1404 598 1435 magna
615 1392 768 1435 gaudeat
785 1403 845 1425 ara

83 1438 198 1472 Natus
214 1439 253 1471 in
270 1438 444 1471 Herculeo
458 1438 588 1472 Fabius
605 1438 701 1480 Lare,
721 1438 749 1470 si
767 1438 924 1482 cupidus,
943 1439 973 1472 si

85 1484 206 1518 Vanus
223 1488 259 1518 et
276 1484 444 1528 Euganea
462 1484 690 1527 quantumvis
706 1483 843 1517 mollior
859 1496 971 1527 agna3

85 1530 122 1564 Si
139 1535 299 1564 tenerum
316 1530 460 1563 attritus
478 1529 656 1563 Catinensi
672 1529 811 1573 pumice
827 1530 990 1564 lumbum

85 1576 291 1620 Squalentes
308 1576 463 1609 traducit
480 1587 561 1609 avos
575 1579 753 1619 emtorque
770 1576 896 1609 veneni

86 1622 295 1666 Frangenda
311 1622 474 1655 miseram
490 1622 648 1654 funestat
664 1621 817 1664 imagine
834 1622 1000 1665 gentem?

86 1668 174 1702 Tota
190 1668 274 1702 licet
291 1671 424 1703 veteres
441 1671 612 1702 exornent
628 1667 786 1711 undique
803 1679 889 1701 cerae

544 1726 558 1739 ⁶
576 1724 741 1750 Anchemoli
