1284 1922
127 55 194 87 126
604 52 764 89 PERSII

520 151 633 188 SAT
642 151 751 189 IRA
785 150 839 188 11.

123 231 243 273 ΗΠΝΟ,
261 230 429 275 Macrine,
446 231 540 265 diem
556 243 703 265 numera
718 232 860 265 meliore
875 230 1006 276 lapillo,

123 277 191 317 Qui
208 277 273 310 tibi
289 276 444 311 labentes
462 278 628 322 apponjtk
645 278 815 312 candidus
832 289 960 319 annos;

122 323 248 356 Funde
263 334 399 356 merum
418 323 535 357 Genio.
583 323 618 357 N
619 335 663 357 on
680 327 720 357 tu
738 335 838 368 prece
855 323 967 367 poscis
983 322 1104 366 emaci,

123 368 208 408 Quae
225 368 294 401 nisi
311 368 461 402 seductis
477 381 629 413 nequeas
646 369 864 403 committere
880 369 989 403 Divis.

121 414 170 447 At
187 414 278 448 bona
294 426 373 458 pars
390 426 572 459 procerum
589 415 698 449 tacita
715 414 855 448 libavit1
873 425 1010 448 acerra:

122 459 226 493 Autnn
244 460 354 493 cuivis
371 464 548 504 promtum
562 464 613 494 est
626 472 851 504 murmurque
863 460 1078 504 humilesque
1094 469 1249 492 susurros

122 505 254 539 Tollere
272 506 314 539 de
331 506 481 550 templis,
499 511 535 540 et
551 510 671 550 aperto
688 507 804 540 vivere
820 506 925 540 voto?

122 550 223 584 Mens
240 551 338 593 bona,
356 552 461 595 fama,
478 552 573 595 fides,
590 552 663 585 haec
681 552 772 585 clare
789 555 824 585 et
841 555 882 585 ut
899 551 1021 585 audiat
1037 551 1179 594 hospes:

122 597 190 629 Illa
206 596 271 629 sibi
288 597 477 630 introrsum
494 601 529 631 et
546 597 610 631 sub
627 598 749 642 lingua
765 598 1049 631 immurmuratn:
1072 597 1092 614 “
1103 597 1131 631 O
1148 597 1177 631 si

121 641 279 675 Ebulliat
296 647 463 686 patruus⁰
480 644 684 688 praeclarum
700 644 827 679 funus!
854 647 897 686 et,
917 643 944 676 O
963 643 991 677 si
1198 644 1241 675 10
1282 663 1284 692 4

122 687 194 721 Sub
211 692 321 721 rastro
339 692 456 732 crepet
474 690 611 733 argenti
627 689 715 722 mihi
734 689 830 732 seria,
849 690 973 722 dextro
1283 700 1284 705 ¹

122 733 292 769 Hercule!
319 735 538 778 pupillumve
555 736 701 778 utinam,
716 747 818 779 quem
835 735 1013 779 proximus
1029 734 1128 767 heres

122 779 279 823 Impello,
296 783 517 824 expungam!
543 792 694 825 namque
712 785 747 814 et
764 781 945 824 scabiosus,
963 784 998 814 et
1015 780 1086 813 acri

121 824 197 859 Bile
214 829 334 859 tumet.
382 826 486 859 Nerio
498 828 574 870 jam
590 827 696 860 tertia
712 826 875 860 duciturp
893 819 1025 861 uxor!⁷’

122 870 208 904 Haec
226 875 344 904 sancte
361 876 401 905 ut
417 884 546 915 poscas,
564 873 725 906 Tiberino
742 872 779 905 in
796 872 935 915 gurgite
951 871 1078 915 mergis

120 916 226 950 Mane
244 920 350 960 caput
366 917 420 950 bis
438 921 567 961 terque,
586 922 620 951 et
638 922 775 951 noctem
792 918 936 951 flumine
953 929 1090 962 purgas

168 962 264 995 Heus
282 974 355 1005 age,
372 964 540 1007 responde
550 976 558 1005 ;
582 964 768 997 minimum
785 967 837 997 est
854 963 946 1008 quod
964 963 1049 996 scire
1066 962 1200 997 laboro:

119 1007 171 1041 De
189 1008 277 1041 Jove
295 1008 378 1051 quid
397 1009 526 1042 sentis?
552 1014 648 1043 estne
664 1014 705 1043 ut
722 1020 920 1053 praeponere
937 1020 1035 1042 cures

122 1050 228 1084 Hunc
242 1053 426 1096 cuiquam?
454 1054 670 1088 “Cuinamq'e
696 1055 748 1088 vis
766 1054 883 1088 Staio?
906 1065 951 1088 an
968 1055 1099 1089 scilieet
1115 1055 1231 1097 haeres,

120 1096 204 1136 Quis
222 1097 335 1140 potior
346 1098 468 1141 judex,
486 1100 647 1142 puerisve
665 1100 741 1143 quis
758 1100 872 1144 aptior
889 1100 1001 1133 orbis?
1192 1102 1238 1133 20

120 1141 199 1175 Hoc
217 1142 334 1185 igitur,
353 1155 418 1187 quo
435 1148 476 1177 tu
493 1145 519 1178 J
521 1145 593 1178 ovis
611 1157 729 1178 aurem
746 1146 922 1190 impellere
939 1149 1064 1189 tentas,

117 1186 184 1220 Dic
201 1189 351 1231 agedum
368 1189 481 1223 Staio:
506 1191 593 1234 proh
611 1191 771 1235 Jupiter!
799 1203 818 1224 o
834 1190 932 1234 bone,
949 1191 1086 1234 clamet,

117 1233 279 1276 Jupiter!
306 1238 342 1267 at
360 1241 450 1268 sese¹r
466 1247 537 1268 non
554 1236 680 1269 clamet
697 1236 841 1280 Jupiter
856 1237 953 1280 ipse?

118 1276 296 1321 Ignovisse
314 1284 426 1323 putam,
445 1281 534 1324 quia,
553 1293 660 1325 quum
677 1286 787 1325 tonat,
805 1283 899 1315 ocius
917 1283 988 1316 ilex

117 1323 257 1358 Sulfure
274 1325 461 1359 discutitur
478 1338 582 1369 sacro,
601 1339 706 1371 quam
723 1332 834 1372 tuque
851 1328 1050 1372 domusque.

115 1370 172 1402 An
191 1371 272 1413 quia
289 1382 358 1404 non
375 1371 469 1405 fibris
487 1373 603 1406 ovium
621 1373 851 1417 Ergennaque
863 1374 1011 1417 jubente

115 1414 227 1448 Triste
239 1417 334 1459 jaces
351 1417 439 1450 lucis
456 1418 729 1463 evitandumque
746 1419 912 1463 bidental,

116 1460 249 1494 Idcirco
267 1462 429 1496 stolidam
446 1463 576 1507 proebet
593 1465 658 1498 tibi
675 1465 801 1499 vellere
817 1465 960 1499 barbam

114 1506 281 1550 Jupiter?
306 1512 343 1541 at
361 1509 546 1552 quidnams
564 1514 624 1551 est,
642 1523 711 1555 qua
728 1515 768 1544 tu
784 1512 940 1544 mercede
957 1512 1110 1546 Deorum

113 1549 247 1586 Emeris
263 1554 460 1588 auriculas?
485 1555 650 1599 pulmone
667 1561 701 1590 et
718 1557 867 1590 lactibus
884 1557 1017 1593 unctis!
1187 1561 1232 1593 30

192 1642 202 1658 ¹¹
217 1652 336 1679 apponet
472 1644 479 1662 ¹
497 1650 596 1675 libabit
733 1657 751 1669 ¹²²
772 1652 846 1676 haud
970 1656 982 1668 '¹
1002 1657 1158 1678 murmurat

188 1682 201 1696 ⁰
221 1685 319 1709 ebullit
335 1686 426 1719 ‘marui
500 1690 511 1706 Ρ
532 1688 658 1712 conditur
774 1692 785 1708 ‘³
805 1689 936 1714 cuinam?
956 1690 1029 1715 cuin.
1045 1709 1052 1716 .
1068 1707 1076 1716 .
1091 1709 1098 1716 .
1112 1691 1190 1716 heres

457 1727 466 1739 ¹·
485 1723 520 1747 ad
533 1731 593 1747 sese
703 1730 713 1743 ⁸
733 1727 781 1749 aut
793 1725 887 1758 quidn.
