1284 1922
499 64 669 98 SATIRA
689 64 788 98 VIII.
1163 66 1206 98 63

79 131 145 164 Ι)10
162 131 259 175 1111111,
278 132 488 165 Teucrorum
506 133 627 185 proles,
646 133 813 167 animalia
830 138 930 167 muta

79 177 164 218 Quis
181 189 346 221 generosa
363 182 474 222 putet,
492 178 560 211 nisi
577 179 706 212 forti-r?
731 191 856 223 nempe
874 180 1050 214 volucrem

79 223 135 256 Sic
152 223 337 257 laudamus
354 235 493 267 equum,
511 224 607 257 facili
626 225 682 257 cui
700 225 852 268 plurima
869 226 987 270 palma

78 269 204 302 Fervet
222 274 257 303 et
274 270 432 303 exsultat
448 281 553 303 131100
572 270 720 303 victoria
737 271 844 304 Circo.

76 314 212 348 Nobilis
229 316 296 359 hic,
315 327 521 360 quocunque
539 316 637 349 venit
654 316 696 349 de
703 328 765 368 gn
756 317 881 360 amine,
900 319 1001 361 qu'us
1159 318 1203 350 60

78 360 178 394 Clara
193 361 280 405 fuga
297 366 378 395 ante
396 362 480 395 alios
498 365 534 394 et
551 362 682 405 primus
700 362 737 394 in
755 373 893 406 aequme
911 364 1047 408 pulvis:

76 405 144 439 Sed
161 408 283 441 venale
300 419 406 451 pecus
424 408 584 451 Corythae
602 408 786 451 posteritas
805 412 840 441 et

76 452 231 496 Hirpini,
249 453 277 486 si
294 465 372 486 rara
384 455 470 497 jugo
489 453 634 487 victoria
651 454 749 487 sedit.

75 497 136 531 Nil
152 498 202 531 ibi
218 501 390 543 majorum
406 503 592 543 respectUS,
610 500 727 543 gratia
743 499 843 533 nulla

77 543 307 578 Umbrarum:
334 545 490 578 dominos
507 545 629 589 pretiis
646 549 784 579 mutare
797 546 965 589 jubentur

75 589 233 633 Exiguis,
252 591 336 624 trito
354 591 488 624 ducunt
506 591 684 635 epirhedia
702 591 789 625 00110

75 635 296 680 Segnipedes,
315 637 483 680 dignique
500 637 628 670 molam
646 648 781 670 versare
800 637 954 681 Nepotis.

74 681 167 724 Ergo
184 686 224 715 ut
241 683 408 716 miremur
425 687 470 725 te,
487 694 557 715 non
575 686 648 725 tua,
666 683 818 727 primum
836 683 972 727 aliquid
990 684 1043 726 da,

76 727 175 768 Quod
193 729 320 771 possim
338 728 453 761 titulis
471 728 632 771 incidere,
651 732 778 772 praeter
795 729 950 772 honores,

76 773 167 814 Quos
184 774 254 807 illis
272 774 395 807 damus
413 778 448 807 et
465 773 634 817 dedimus,
653 774 778 818 quibus
796 775 913 808 omnia
930 775 1042 809 debe-S.
1156 776 1200 811 70

121 819 208 853 Η300
226 820 309 853 satis
327 820 398 853 ad
383 831 560 863 Juvenem,
578 831 682 864 quem
698 821 796 853 nobis
813 821 908 854 fama
926 822 1115 865 superbum

74 865 196 899 Tradit
213 870 248 899 et
260 866 423 899 inflatum
440 866 652 910 plenumque
670 866 806 900 Nerone
823 867 1039 911 propinquo:

75 911 187 945 Rarus
205 912 298 945 enim
315 912 423 945 ferme
442 923 559 945 sensus
578 912 771 945 communis
788 913 826 945 in
842 913 905 946 illa

76 957 238 992 Fortuna.
280 958 346 991 Sed
364 962 399 990 te
416 958 548 991 censeii
565 958 670 991 laude
687 962 838 1001 tuorum,

74 1003 228 1047 Pontice,
246 1004 416 1037 noluerim
434 1003 491 1046 sic,
510 1008 549 1036 ut
567 1003 657 1036 nihil
674 1003 747 1047 ipse
763 1004 893 1037 futurae

73 1049 201 1083 Laudis
219 1061 313 1093 agas.
354 1049 523 1082 Miserum
541 1054 593 1082 est
610 1049 757 1082 aliorum
774 1050 974 1084 incumbere
990 1051 1104 1094 famae,

73 1095 127 1129 Ne
144 1095 296 1140 collapsa
311 1099 418 1128 ruant
435 1095 615 1128 subductis
633 1098 728 1128 tecta
745 1095 925 1130 columnis.

73 1141 211 1175 Stratus
229 1141 328 1175 humi
344 1141 475 1185 palmes
492 1141 615 1174 viduas
633 1140 806 1174 desiderat
824 1142 944 1176 ulmos.

73 1187 157 1220 Esto
174 1187 284 1221 bonus
301 1188 410 1230 miles,
428 1190 525 1220 tutor
540 1187 660 1229 bonus,
679 1186 808 1220 arbiter
825 1187 919 1220 idem

74 1233 218 1277 Integer
228 1246 236 1274 3
262 1233 435 1276 ambiguae
454 1233 482 1265 si
499 1232 638 1276 quando
655 1232 807 1266 citabere
824 1234 923 1267 testis
1151 1235 1196 1268 80

73 1279 292 1322 Incertaeque
307 1279 367 1321 rei,
386 1278 544 1311 Phalaris
561 1278 644 1311 licet
661 1278 818 1323 imperet,
836 1284 878 1312 ut
896 1280 941 1313 sis

71 1324 203 1368 Falsus,
221 1329 257 1359 et
273 1325 413 1359 admoto
431 1324 539 1357 dictet
556 1325 708 1368 perjru‘ia
725 1328 825 1358 tauro
840 1337 847 1359 ε

71 1370 254 1405 Summum
271 1371 371 1404 crede
387 1371 485 1403 nefas
503 1371 655 1403 animam
673 1371 836 1414 praeferre
852 1370 980 1415 pudori

71 1417 120 1450 Et
135 1420 278 1461 propter
293 1417 405 1450 vitam
422 1416 563 1449 vivendi
580 1416 723 1459 perdere
741 1427 870 1450 causas.

71 1463 208 1507 Dignus
225 1466 336 1496 morte
353 1462 453 1506 perit,
471 1465 583 1495 coenet
600 1461 683 1494 licet
701 1465 814 1495 ostrea
831 1466 972 1496 centum

74 1509 236 1543 Gaurana.
253 1512 289 1542 et
306 1508 419 1541 Cosmi
436 1511 510 1541 toto
527 1510 706 1550 mergatur
723 1507 844 1542 aheno

72 1554 287 1599 Exspectata
304 1555 364 1587 diu
380 1554 524 1587 tandem
540 1553 719 1598 provincia
736 1564 844 1597 quum
861 1561 897 1587 te

74 1600 256 1634 Rectorem
273 1599 431 1644 accipiet,
449 1611 538 1652 pone
555 1599 615 1632 irae
632 1599 743 1633 fraena
759 1600 978 1643 modumque,

73 1646 168 1680 Pone
186 1650 221 1680 et
237 1646 415 1680 avaritiae:
440 1646 601 1679 miserere
618 1645 762 1690 inopum
780 1646 971 1679 sociorum·
962 1672 971 1687 ,

75 1692 160 1726 Ossa
176 1692 272 1726 vides
289 1703 408 1735 regum
428 1691 545 1725 vacuis
563 1695 710 1724 exsucta
725 1691 897 1725 medullis.
1149 1696 1194 1728 90

76 1737 230 1783 Respice,
249 1738 335 1782 quid
351 1741 517 1771 moneant
533 1737 636 1781 leges,
653 1737 738 1781 quid
755 1737 852 1771 curia
868 1737 1022 1782 mandet,
