1284 1922
118 39 164 71 46
432 36 475 70 D.
501 36 637 71 JUNII
663 36 877 71 JUVENAI
887 35 929 70 IS

116 104 237 141 Prima
253 104 351 138 videt
367 117 376 145 3
400 104 533 137 famam
549 115 772 147 rumoresque
788 104 851 137 illa
867 107 1023 137 recentes

115 150 260 194 Excipit
277 151 322 183 ad
339 153 457 194 portas
474 162 482 191 ;
507 149 677 193 quosdam
693 149 795 183 facit:
824 150 891 182 isse
907 150 1089 193 Niphaten

115 196 159 229 In
176 195 332 240 populos,
349 207 545 239 magnoque
562 195 635 228 illic
653 199 781 229 cuncta
797 207 882 229 arva
898 195 1011 228 teneri
1173 196 1242 228 410

113 241 268 286 Diluvio,
285 245 412 274 nutare
428 241 541 285 urbes,
558 241 734 274 subsidere
751 245 869 283 terras,

114 287 329 331 Quocunque
346 287 384 320 in
401 287 515 330 trivio,
533 287 729 330 cuicunque
747 291 799 320 est
816 286 927 330 obvia,
944 289 1075 320 narrat.

159 333 233 366 Nec
251 337 370 366 tamen
387 332 424 366 id
441 332 569 366 vitium
585 333 697 376 magis
714 332 943 376 intolerabile,
962 344 1068 377 quam
1087 343 1163 376 quae

112 378 254 412 Vicinos
271 378 421 412 humiles
438 390 559 423 rapere
576 382 611 411 et
629 378 809 411 concidere
825 378 907 411 loris

112 424 266 459 Exorata
284 425 378 458 solet.
427 424 519 458 Nam
538 425 566 457 si
583 423 769 457 latratibus
787 424 852 457 alti

112 469 341 527 11111111111111111
358 470 514 505 50111111ιζ
528 470 650 502 Fustes
668 468 737 501 huc
754 467 870 516 ociusss
875 467 1027 511 ’inquit,

110 517 129 532 ‘⁴
141 516 235 548 Affei
240 514 294 556 te‚⁷
324 521 431 558 atque
448 515 517 547 illis
536 515 715 547 dominum
728 514 831 557 jubet-
848 517 930 546 ante
947 513 1051 554 feriri,

108 563 245 596 Deinde
262 574 394 604 canem,
411 561 543 605 gravisi
561 572 717 604 occursu,
734 561 914 594 teterrima
930 561 1043 595 vultu.

107 607 241 642 Balnea
258 612 360 641 nocte
378 608 471 641 subit
486 620 495 648 3
520 607 668 640 conchas
686 610 721 640 et
739 611 853 640 castra
868 607 1000 640 moveri

106 654 219 687 Nocte
231 653 335 698 jubet
351 666 359 695 3
383 665 512 697 magno
530 653 662 696 gaudet
679 653 803 686 sudare
820 653 990 686 tumultu.
1166 653 1235 684 420

108 700 227 741 Quum
243 700 374 733 lassata
390 699 490 742 gravi
507 698 710 732 ceciderunt
727 698 870 732 brachia
886 710 1002 732 massa

107 746 263 779 Callidus
280 749 316 779 et
333 746 445 778 cristae
463 745 592 788 digitos
608 744 784 788 impressit
801 744 936 788 aliptes,

105 792 157 825 Ac
175 803 351 825 summum
368 791 517 824 dominae
533 790 648 823 femur
664 790 859 823 exclamare
876 791 1000 834 coegit,

107 837 285 881 (Convivae
303 837 420 870 miseri
437 837 572 869 interea
589 847 776 879 somnoque
793 836 955 880 fameque

105 883 301 927 Urgentur)
320 882 464 916 tandem
480 882 543 914 illa
559 881 657 915 venit
673 881 918 925 rubicundula,
937 885 1053 915 totum

106 929 348 973 OEnophorum
366 928 497 970 sitiens,
514 927 620 971 plena
637 927 731 970 quod
748 927 906 960 tenditur
923 939 1014 961 urna

104 974 298 1008 Admotum
314 973 471 1018 pedibus,
489 973 532 1006 de
550 984 619 1016 quo
637 972 808 1006 sextarius
826 973 915 1006 alter

104 1020 257 1053 Ducitur
274 1024 356 1053 ante
374 1019 500 1062 cibum,
517 1018 675 1052 rabidam
693 1019 850 1052 facturus
868 1019 999 1063 orexin,

103 1066 199 1099 Dum
216 1066 308 1099 redit
325 1069 361 1099 et
377 1065 448 1098 loto
466 1069 595 1098 terram
611 1064 694 1097 ferit
711 1064 888 1098 intestino.

104 1111 338 1145 Marmor-ibus
355 1111 423 1144 rivi
439 1114 638 1155 properant,
656 1115 781 1143 aurata
799 1111 988 1144 Falernum
1163 1113 1231 1145 430

103 1157 220 1191 Pelvis
238 1157 307 1190 olet
322 1169 329 1190 ε
354 1168 437 1190 nam
455 1157 512 1195 sio,
530 1160 700 1199 tanquam
718 1156 791 1189 alta
808 1156 846 1189 in
863 1157 956 1190 dolia
973 1157 1099 1200 longus

102 1203 282 1236 Deciderit
299 1214 448 1246 serpens,
465 1201 555 1234 bibit
573 1205 608 1234 et
626 1201 744 1234 vomit.
793 1202 885 1245 Ergo
901 1203 1050 1236 maritus

102 1249 137 1282 N
138 1253 259 1282 auseat
277 1252 382 1292 atque
400 1247 508 1281 oculis
525 1247 630 1280 bilem
649 1246 855 1290 substringit
873 1249 1010 1292 opertis.

150 1295 218 1328 Illa
235 1298 354 1328 tamen
371 1294 517 1337 gravior,
536 1304 611 1336 quae
629 1303 739 1336 quum
753 1293 969 1328 discumbere
986 1295 1100 1338 coepit,

102 1340 241 1374 Laudat
261 1340 459 1383 Virgilium,
477 1339 641 1382 peritura:
660 1339 809 1382 ignoscit
827 1339 957 1382 Elissae,

103 1386 301 1420 Committit
318 1390 415 1419 vates
433 1390 468 1417 ct
485 1390 664 1428 comparat
679 1397 687 1425 ;
712 1384 793 1417 inde
811 1385 992 1419 Maronem

102 1432 220 1475 Atque
238 1432 307 1464 alia
324 1436 423 1475 parte
441 1431 477 1463 in
496 1431 632 1464 trutina
650 1430 832 1474 suspendit
850 1431 1052 1466 Homerum.

103 1478 239 1511 Cedunt
257 1477 487 1520 grammatici,
505 1476 696 1509 vincuntur
712 1476 874 1519 rhetores,
892 1478 1003 1511 omnis

102 1523 219 1556 'rurba
236 1527 330 1556 tacet
347 1535 353 1556 :
380 1534 443 1555 nec
461 1522 667 1565 causidicus,
684 1533 748 1555 nec
765 1533 878 1566 praeco
895 1523 1070 1567 loquatur,

101 1569 223 1602 Altera
240 1580 304 1602 nec
321 1568 447 1601 mulier
463 1579 469 1601 :
495 1568 679 1601 verborum
696 1571 796 1601 tanta
814 1569 908 1602 cadit
925 1570 976 1603 vis
993 1582 1002 1610 3
1158 1572 1226 1604 440

101 1615 166 1648 Tot
184 1615 314 1658 pariter
331 1613 457 1657 pclr'cS,
476 1618 528 1646 tot
546 1614 785 1647 tintinnabula
802 1614 896 1647 dicas

101 1660 247 1694 Pulsari.
297 1660 321 1694 J
324 1671 381 1694 am
397 1671 498 1693 nemo
517 1659 628 1702 tubas,
646 1671 748 1693 nemo
767 1671 836 1694 aera
852 1660 1000 1705 fatiget:

508 1713 515 1731 i
528 1724 636 1741 canem.
657 1717 756 1743 Gravis
768 1716 817 1742 ἃς.
