1284 1922
477 72 649 106 SATIRA
674 72 715 107 X.
1115 76 1155 107 81

39 137 139 180 Quod
157 140 300 171 steterat
316 137 437 171 multis
454 138 491 170 in
509 149 643 171 carcerc
660 137 800 171 fornicis
817 138 927 172 annis.

38 184 88 218 Ut
105 184 247 227 vigeant
264 195 382 216 sensus
400 184 518 226 animi,
535 184 694 216 ducenda
711 188 828 217 tamen
847 189 928 218 sunt
1091 187 1159 218 240

37 229 177 262 Funera
193 234 364 269 natorum,
381 240 485 272 rogus
502 229 722 272 aspiciendus
739 234 864 262 amatae

37 275 202 319 Conjugis
219 279 254 308 et
270 275 388 308 fratris
405 275 587 319 plenaeque
605 275 775 308 sororibus
791 287 899 309 urnac.

37 321 124 354 Haec
143 321 225 354 data
242 332 344 364 poena
361 321 422 353 diu
439 320 647 363 viventibus,
665 325 706 353 ut
722 326 889 355 renovata

37 366 178 410 Semper
195 366 291 400 clade
308 366 440 409 domus,
457 367 578 399 multis
595 367 633 399 in
649 366 803 399 luctibus
820 367 926 411 inque

37 412 211 456 Perpetuo
227 423 370 445 moerore
387 417 422 445 et
439 413 539 455 nigra
556 416 651 445 veste
669 417 857 446 senescant.

38 458 114 491 Rex
131 458 262 501 Pylius,
280 469 406 501 magno
424 458 453 490 si
470 458 660 501 quidquam
678 458 787 491 credis
807 458 966 501 Homero,

36 503 248 547 Exemplum
265 504 346 536 vitae
362 504 433 536 fuit
449 515 470 537 a
487 504 620 537 cornice
638 504 808 538 secundae.

40 550 61 564 “
72 548 173 581 Felix
190 548 366 589 nimirum,
386 548 447 592 qui
466 552 517 581 tot
535 559 594 591 per
612 548 727 582 secula
742 553 890 582 mortem

38 593 185 627 Distulit
202 598 308 637 atque
326 605 404 627 suos
416 595 491 637 jam
509 594 633 627 dextra
650 599 829 638 computat
847 603 969 634 annos,

40 639 177 683 Quique
194 650 324 672 novum
341 641 443 672 toties
460 644 616 672 mustum
633 639 754 674 bibit?
797 640 873 681 Oro,
897 650 1087 684 parumper
1104 642 1172 673 250

38 686 221 727 Attendas,
239 688 413 729 quantum
430 685 472 717 de
488 685 624 727 legibus
640 685 714 728 ipse
731 688 896 727 queratur

38 731 206 765 Fatorum
223 735 258 764 et
274 730 382 763 nimio
399 730 441 763 dc
459 730 616 773 stamine,
634 740 744 773 quum
760 729 856 762 videt
872 740 960 762 acns

38 776 219 810 Antilochi
234 776 377 809 barbam
394 775 573 809 ardentem
583 787 592 816 ;
617 786 725 819 quum
742 775 868 818 quaerit
885 775 929 808 ab
946 776 1049 819 omni,

40 822 203 866 Quisquis
220 822 318 855 adest
336 822 456 865 socius,
474 832 536 854 cur
552 821 627 854 haec
644 821 682 854 in
698 824 854 864 tempora
872 821 984 863 duret,

41 868 140 909 Quod
157 868 293 905 facinus
311 868 458 911 dignum
475 870 548 900 tam
565 867 668 910 longo
685 867 863 900 admiserit:
881 867 976 900 aevo?

41 914 127 947 Haec
144 914 265 947 eadem
283 913 418 956 Peleus,
434 917 577 957 raptum
594 924 703 956 quum
720 912 818 956 luget
835 912 1020 951 Achillem,

40 959 158 1004 Atque
174 960 272 1002 alius,
291 960 348 992 cui
364 960 416 992 fas
435 959 599 992 Ithacum
616 959 735 1001 lugere
752 962 944 993 natantem.

41 1006 216 1039 Incolumi
233 1005 334 1049 Troja
351 1005 510 1038 Priamus
528 1004 678 1037 venisset
695 1004 740 1037 ad
757 1003 898 1037 umbras

40 1051 210 1093 Assaraci,
227 1051 364 1094 magnis
382 1050 600 1092 solemnibus,
619 1050 770 1083 Hectore
786 1050 894 1082 funus

0 1101 1 1129 Ξ
41 1097 209 1131 Portante
226 1108 266 1130 ac
282 1097 424 1140 reliquis
441 1097 592 1129 fratrum
609 1095 808 1137 cervicibus,
826 1096 919 1129 inter
1097 1099 1164 1130 260

0 1138 2 1160 ³*
42 1143 196 1176 Iliadum
212 1143 382 1185 lacrimas,
399 1146 440 1175 ut
457 1142 585 1186 primos
603 1141 703 1174 edere
720 1141 882 1185 planctus

43 1189 234 1223 Cassandra
249 1188 419 1232 inciperet
436 1188 609 1231 scissaque
627 1187 806 1231 Polyxena
823 1187 926 1231 palla,

0 1240 3 1269 Ι
40 1234 79 1269 Si
94 1235 184 1268 foret
200 1234 394 1268 exstinctus
411 1233 545 1267 diverso
562 1237 725 1277 tempore,
743 1243 812 1276 quo
828 1245 899 1266 non

43 1281 201 1325 Coeperat
218 1280 366 1314 audaces
384 1280 481 1313 Paris
499 1279 670 1312 aedificare
688 1279 832 1312 carinas.

41 1326 162 1371 Longa
178 1327 251 1359 dies
268 1326 378 1370 igitur
394 1325 479 1369 quid
497 1325 670 1358 contulit?
696 1325 813 1357 omnia
828 1323 918 1358 vidit

42 1372 171 1406 Eversa,
188 1376 223 1406 et
239 1372 388 1405 flammis
405 1371 524 1404 Asiam
540 1371 699 1413 ferroque
716 1370 906 1404 cadentem.

43 1419 141 1452 Tunc
157 1418 257 1451 miles
274 1417 444 1451 tremulus
461 1417 574 1461 posita
592 1416 677 1449 tulit
693 1427 790 1449 arma
807 1418 898 1449 tiara

42 1463 90 1498 Et
106 1465 178 1497 ruit
194 1468 277 1498 ante
294 1475 390 1497 aram
409 1463 535 1496 summi
552 1463 577 1495 J
580 1462 662 1503 ovis,
680 1466 721 1495 ut
739 1463 878 1495 vetulus
895 1462 965 1505 bOS,

44 1510 112 1551 Qui
130 1510 262 1543 domini
279 1509 401 1543 cultris
419 1512 525 1542 tenue
543 1513 578 1541 et
594 1507 790 1541 miserabile
807 1508 936 1541 collum

43 1555 189 1598 Proebet,
207 1555 251 1589 ab
267 1555 405 1599 ingrato
417 1555 493 1597 jam
509 1554 689 1587 fastiditus
705 1557 829 1587 aratro.
1101 1555 1168 1589 270

43 1601 171 1635 Exitus
187 1602 247 1634 ille
263 1605 445 1644 utcunque
463 1600 630 1634 hominis:
657 1600 715 1633 sed
732 1604 831 1633 torva
848 1601 973 1634 canino

43 1647 203 1681 Latravit
219 1648 321 1690 rictu,
339 1658 416 1690 quae
434 1650 512 1691 post
529 1647 624 1679 hunc
642 1646 786 1689 vixerat,
803 1658 902 1680 uxor.

44 1694 186 1727 Festino
203 1694 248 1727 ad
264 1697 407 1735 nostros,
425 1697 460 1726 et
477 1704 594 1736 regem
611 1695 748 1725 transeo
766 1692 880 1731 Ponti,

44 1739 91 1773 Et
108 1739 271 1779 Croesum,
289 1750 393 1783 quem
409 1750 478 1773 vox
490 1739 580 1782 justi
596 1738 749 1772 facunda
766 1738 901 1772 Solonis

596 1794 618 1818 G
