1284 1922
481 73 652 107 SATIRA
677 73 746 107 ΙΙΙ.
1127 75 1171 106 21

55 140 173 184 Atque
189 139 299 174 obiter
314 139 408 183 leget
424 143 487 173 aut
504 139 630 173 scribet
646 139 701 173 vel
719 139 866 173 dormiet
881 139 987 174 intus.

54 186 215 230 Namque
230 185 317 219 facit
333 196 491 218 somnum
508 185 626 218 clausa
642 185 766 218 lectica
782 185 944 218 fenestra.

54 232 147 264 Ante
164 236 282 264 tamen
298 231 415 264 veniet
430 242 436 264 :
461 230 559 264 nobis
576 231 841 274 properantibus
859 230 974 264 obstat

55 276 159 310 Unda.
174 277 276 321 prior,
293 287 420 319 magno
436 275 585 320 populus
602 276 728 321 premit
745 276 884 320 agmine
901 276 1036 310 lumbos

54 322 122 363 Qui
140 322 316 366 sequitur;
339 322 422 355 ferit
438 322 496 355 hic
513 321 640 364 cubito,
658 322 740 355 ferit
757 333 868 355 assere
885 321 972 355 duro

52 367 173 401 Alter:
198 371 235 401 at
252 367 309 400 hic
326 367 465 410 tignum
482 367 589 410 capiti
606 367 745 409 incutit,
763 367 823 400 ille
839 372 1033 401 metretam.

52 412 205 458 Pinguia
221 424 322 446 crura
338 413 422 455 luto,
440 413 562 456 planta
577 424 660 446 mox
675 413 830 456 undique
846 424 976 456 magna

0 469 1 473 ¹
53 458 181 499 031001,
198 462 234 492 et
249 459 287 491 in
304 458 415 502 digito
432 458 551 491 clavus
567 458 655 491 mihi
671 458 794 491 militis
811 458 928 492 haeret.

97 504 222 538 Nonne
239 504 334 537 vides
361 508 493 548 quanto
511 503 703 537 celebretur
720 504 876 548 sportula
892 504 988 537 fumo
1002 503 1016 538 ‘l

52 549 200 583 Centum
217 550 370 583 convivae
386 562 394 589 3
419 549 576 593 sequitur
593 561 655 583 sua
672 560 842 593 quemque
859 549 986 583 culina.
1102 552 1171 583 250

51 595 198 629 Corbulo
214 595 275 628 vix
291 595 397 628 ferret
414 600 466 628 tot
484 606 566 628 vasa
582 595 749 639 ingentia,
767 600 819 628 tot
835 606 889 628 res

51 640 235 686 Impositas
253 641 369 685 capiti,
387 645 472 684 quot
487 645 581 674 recto
598 641 727 674 vertice
743 645 861 685 portat

50 685 216 720 Servulus
232 686 357 720 infelix
374 691 410 720 et
426 697 529 719 cursu
546 687 695 720 ventilat
712 687 838 730 ignem.

50 731 266 766 Scinduntur
282 732 412 765 tunicae
429 736 531 765 sartae
548 732 649 765 modo
663 744 670 765 :
695 732 801 776 longa
817 735 975 766 coruscat

50 776 193 811 San-aco
210 778 371 811 veniente
388 777 490 820 abies,
508 782 614 822 atque
630 777 741 811 altera
757 778 880 822 pinum

16 835 22 840 ·
49 822 213 857 Plaustra
229 823 363 857 vehunt
378 835 387 864 3
410 827 541 857 nutant
557 823 628 856 alte
644 823 841 868 populoque
857 823 1040 857 minantur
1053 835 1060 858 :

49 868 140 902 Nam
157 869 186 902 si
203 868 387 913 procubuit
404 869 465 913 qui
482 880 566 902 saxa
583 869 762 912 Ligustica
778 873 896 913 portat

48 914 146 957 Axis,
163 919 199 948 et
215 926 372 948 eversum
388 914 483 948 fudit
499 926 602 958 super
617 915 759 958 agmina
775 919 940 957 montem,

49 959 141 1000 Quid
159 964 315 1004 superest
332 960 375 993 de
391 960 590 1004 corporibus
605 960 616 993 2
642 960 719 1003 quis
735 960 898 1003 membra,
917 960 995 1004 quis
1013 971 1088 994 ossa

49 1005 191 1039 Invenit
205 1006 217 1039 2
243 1005 420 1039 Obtritum
437 1005 535 1048 vulgi
551 1006 642 1049 perit
659 1017 759 1039 omne
776 1005 923 1039 cadaver
1099 1007 1168 1040 260

48 1050 146 1085 More
162 1051 296 1085 animae.
344 1051 476 1084 Domus
493 1052 626 1084 interea
643 1062 762 1084 secura
778 1051 925 1097 patellas

47 1096 131 1130 Jam
147 1096 244 1130 lavat
261 1101 295 1130 et
311 1096 420 1130 bucca
437 1096 589 1130 foculum
607 1097 748 1139 excitat,
765 1102 800 1130 et
817 1101 917 1130 sonat
934 1097 1050 1131 unctis

46 1141 243 1186 Striglibus,
260 1146 296 1176 et
312 1142 415 1186 pleno
431 1142 607 1186 componit
623 1142 733 1175 lintea
749 1146 861 1185 gutto.

47 1187 133 1221 Haec
150 1188 243 1222 inter
258 1199 382 1231 pueros
398 1188 492 1221 varie
508 1192 760 1232 properantur:
785 1192 823 1221 at
840 1188 899 1221 ille

46 1233 73 1266 J
73 1245 130 1267 am
148 1234 244 1267 sedet
259 1234 297 1266 in
313 1234 390 1278 ripa
405 1237 605 1277 tetrumque
621 1233 779 1266 novicius
795 1233 912 1267 horret

46 1277 241 1322 Porthmea,
258 1290 321 1312 nec
339 1283 453 1323 sperat
470 1279 598 1313 coenosi
614 1279 764 1323 gurgitis
781 1279 911 1322 alnum,

46 1323 187 1367 Infelix,
203 1336 267 1358 nec
284 1324 389 1358 habet
406 1336 510 1368 quem
526 1325 682 1368 porrigat
698 1336 755 1358 ore
772 1325 945 1359 trientem.

93 1370 237 1414 Respice
252 1381 347 1404 nunc
363 1370 434 1404 3113.
450 1381 490 1403 30
507 1370 643 1403 diversa
660 1370 815 1414 pericula
831 1371 942 1403 noctis
956 1382 963 1404 :

47 1415 146 1456 Quod
163 1416 316 1460 spatium
333 1416 436 1449 tectis
453 1415 668 1458 sublimibus,
685 1415 779 1448 unde
796 1415 974 1449 cerebrum

45 1461 148 1495 Testa
164 1462 255 1503 ferit,
275 1462 408 1505 quoties
424 1461 551 1494 rimosa
568 1465 604 1494 et
620 1465 721 1494 curta
736 1461 896 1494 fenestris
1096 1462 1165 1497 270

46 1506 138 1540 Vasa
154 1507 302 1540 cadunt*
317 1520 325 1547 ;
350 1511 482 1551 quanto
499 1518 701 1551 percussum
718 1507 869 1551 pondere
886 1508 1026 1552 signent

45 1551 92 1586 Et
108 1552 239 1586 laedant
256 1553 396 1586 silicem.
445 1552 559 1586 Possis
575 1553 724 1596 ignavus
740 1552 861 1586 haberi

43 1597 91 1631 Et
107 1598 216 1631 subiti
232 1609 331 1632 035115
347 1598 572 1642 improvidus,
589 1598 634 1632 ad
651 1609 784 1632 coenam
801 1598 831 1631 si

46 1641 240 1677 Intestatus
257 1655 323 1678 eas,
371 1644 468 1678 Adeo
485 1648 538 1678 tot
554 1645 638 1687 fata,
656 1648 741 1688 quot
757 1644 820 1677 1113

45 1687 155 1723 Nocte
171 1693 295 1733 patent
310 1690 443 1734 vigiles,
461 1694 496 1724 te
514 1694 756 1734 praetereunte,
772 1690 944 1724 fenestrae.

484 1746 494 1765 ί
510 1755 577 1776 vasa
590 1747 693 1774 cadant
