1284 1922
122 68 191 99 132
613 65 771 100 PERSII

519 217 745 253 SATIRA
782 216 853 254 IV.

122 308 208 342 REM
225 308 347 352 populi
364 309 517 343 tractas?
544 308 745 354 (barbatum
761 308 836 342 haec
854 308 955 342 crede
970 309 1180 354 magistrum

121 355 257 395 Dicere,
275 354 417 388 sorbitio
434 355 528 389 tollit
545 367 649 399 quem
666 355 742 387 dira
760 355 910 397 cicutae)

124 401 199 441 Quo
217 400 335 443 fretus,
354 401 420 444 dic,
437 409 484 434 ou
500 401 620 444 magni
637 400 770 445 pupille
788 400 925 434 Pericli.

123 447 264 481 Scilicet
280 447 461 490 ingenium
479 452 514 480 et
530 458 647 480 rerum
664 446 853 490 prudentia
869 446 972 480 velox

122 493 217 525 Ante
234 492 321 536 pilos
339 492 436 526 venit
446 505 454 533 ;
480 493 628 526 dicenda
644 492 860 536 tacendaque
877 492 1000 528 calles!

123 538 216 581 Ergo
233 538 295 571 ubi
312 543 484 572 commota
501 539 612 572 fervet
629 537 811 582 plebecula
827 538 906 580 bile,

123 583 207 617 Fert
225 583 362 617 animus
380 584 500 618 calidae
518 585 640 617 fecisse
658 583 798 617 silentia
814 583 927 617 turbae

124 629 311 673 Majestate
328 641 471 664 manus:
498 630 583 674 quid
600 629 725 662 deinde
743 629 905 673 loquere?
955 629 1118 671 Quirites,

125 675 212 718 Hoc,
229 679 315 719 puto
323 683 349 717 Χ,
367 687 437 708 non
448 677 587 720 justum
604 680 675 716 est3
700 675 791 708 illud
807 675 907 718 male,
924 675 1052 708 rectius
1069 674 1168 708 illud.

125 721 199 754 Scis
217 721 347 754 etenim
359 722 498 764 justum
515 722 656 765 gemina
673 721 881 765 suspendere
899 721 998 754 lance
1207 721 1252 753 10

125 767 300 811 Ancipitis
317 767 434 808 librae3
459 775 596 801 rectum
612 767 787 809 discernis,
805 767 866 799 ubi
883 767 975 799 inter

126 813 240 846 Curva
257 812 360 856 subit,
379 813 434 846 vel
453 825 560 857 quun]
578 813 672 846 fallit
688 813 775 856 pede
793 812 915 855 regula
931 823 1024 855 varo,

126 859 174 892 Et
191 858 281 902 potis
300 870 334 891 es
351 859 492 902 nigrum
509 859 595 893 vitio
612 859 790 902 praefigere
807 858 917 891 theta.

127 905 221 946 Quin
238 908 279 937 tu
296 904 415 947 igitur,
434 916 570 938 summa
585 904 818 948 nequicquam
834 904 925 947 pelle
942 903 1094 946 decorus,

126 951 220 983 Ante
238 950 330 982 diem
348 950 475 984 blando
493 951 641 984 caudam
653 951 788 994 jactare
805 949 942 993 popello

126 996 275 1038 Desinis,
295 995 480 1040 Anticyras
497 997 620 1030 melior
636 996 769 1029 sorbere
786 995 963 1029 meracas?

129 1042 214 1083 Quae
231 1041 296 1074 tibi
314 1054 449 1076 summa
466 1042 547 1075 boni
565 1041 640 1075 est?
666 1042 783 1075 Uncta
799 1041 927 1075 vixisse
944 1040 1076 1085 patella

128 1088 280 1131 Semper,
298 1092 333 1120 et
350 1089 487 1121 assiduo
506 1092 628 1121 curata
645 1087 800 1121 cuticula
818 1087 896 1121 sole.

127 1134 312 1177 Exspecta,
330 1134 424 1167 haud
442 1134 539 1167 aliud
556 1134 762 1177 respondeat
779 1133 854 1166 haec
871 1144 968 1166 anus.
1018 1132 1036 1165 I
1052 1142 1167 1164 nunc:

127 1180 147 1197 “
157 1179 388 1212 Dinomaches
403 1191 464 1222 ego
479 1179 587 1221 sum,‘’
600 1179 718 1219 suffla3
736 1180 842 1212 “sum
856 1177 1056 1212 candidus.”
1081 1178 1175 1221 Esto,
1208 1178 1253 1210 20

127 1224 224 1259 Dum
241 1236 285 1257 ne
303 1225 454 1258 deterius
473 1225 586 1269 sapiat
603 1236 787 1268 pannucea
804 1224 941 1266 Baucis,

129 1271 247 1312 Quum
263 1270 351 1303 bene
368 1271 536 1304 discincto
553 1270 748 1303 cantaverit
765 1270 875 1303 ocima
892 1280 1017 1303 vernae.

177 1317 226 1350 Ut
243 1327 344 1349 nemo
362 1317 399 1349 in
417 1328 488 1349 sese
505 1320 621 1349 tentat
639 1316 854 1358 descendere,
871 1326 984 1358 nemo,

129 1363 197 1396 Sed
214 1362 466 1407 praeccdcntisy
486 1366 661 1405 spectatur
677 1362 832 1394 mantica
849 1363 963 1404 tergo!

130 1409 323 1451 Quaesieris,
342 1408 476 1441 Nostiu'
496 1408 637 1441 Vectidi
655 1407 808 1451 praedia‘l
835 1406 853 1423 ‘⁶
865 1407 971 1450 Cujus
982 1405 1016 1439 ‘3⁹’

129 1455 235 1488 Dives
253 1459 329 1488 arat
348 1454 494 1487 Curibus
512 1458 685 1498 quantum
702 1465 771 1486 non
788 1452 916 1486 milvus
933 1452 1076 1486 oberret.

130 1501 149 1517 “
161 1501 267 1534 Hunc
285 1501 344 1541 ais,
363 1500 457 1533 hunc
474 1500 539 1533 Dis
557 1500 664 1540 iratis,
683 1499 859 1542 Genioque
876 1498 1032 1532 sinistro!

131 1547 208 1588 Qui,
227 1546 434 1590 quandoque
448 1547 576 1589 jugum
593 1549 735 1588 pertusa
751 1545 795 1577 ad
813 1544 965 1588 compita
980 1543 1069 1587 figit,

131 1592 270 1625 Seriolae
288 1596 441 1624 veterem
458 1596 616 1624 metuens
635 1591 797 1623 deradere
814 1590 939 1623 limum

131 1638 294 1681 Ingemit,
313 1638 388 1670 Hoc
406 1637 492 1670 bene
511 1637 573 1672 sit!
601 1637 800 1669 tunicatum
818 1647 897 1669 cum
915 1635 985 1669 sale
1001 1633 1161 1668 mordens
1208 1635 1253 1668 30

132 1684 231 1727 Caepe
249 1688 293 1725 et,
310 1684 443 1717 farrata
459 1684 575 1727 pueris
592 1682 842 1727 plaudentibus
859 1681 937 1724 olla,

197 1745 208 1757 ¹²
229 1740 272 1765 djc
288 1740 339 1764 hoc
575 1740 587 1753 ⁸
607 1742 674 1771 puta
891 1741 901 1758 Υ
920 1737 1085 1771 praecedenti
