1284 1922
97 63 143 95 22
410 61 452 95 D.
478 60 614 95 JUNII
640 59 906 94 JUVENALIS

92 128 186 172 Ergo
204 130 300 172 optes
317 130 508 171 votumque
524 128 613 161 feras
630 126 826 161 miserabile
843 130 970 170 tecum⁷

93 174 143 207 Ut
161 174 231 207 sint
249 177 421 207 contentae
439 173 578 217 patulas
596 174 786 206 defundere
803 173 928 216 pelves.

142 219 268 252 Ebrius
285 231 324 253 ac
342 220 514 263 petulans,
532 219 593 262 qui
609 219 748 251 nullum
764 219 852 252 forte
870 218 1006 262 cecidit,

94 265 167 299 Dat
183 276 311 309 poenaS,
329 268 467 298 noctem
483 265 618 308 patitur
635 264 787 307 lugentis
805 264 956 297 amicum

97 311 237 354 Pelidae,
256 311 361 344 cubat
377 311 414 344 in
431 311 565 353 faciem,
582 322 664 343 mox
681 310 806 343 deinde
825 310 978 353 supinus.
1152 311 1220 342 280·

97 356 189 400 Ergo
206 368 277 389 non
293 356 395 389 aliter
411 357 539 400 poterit
556 356 704 389 dormire
720 355 732 389 2
782 355 998 396 Quibusdam

98 402 265 436 Somnum
281 402 359 435 rixa
375 402 461 435 facit
475 414 482 435 :
508 402 576 445 sed,
595 401 752 445 quamvis
769 400 945 445 improbus
963 401 1064 434 annis

98 447 215 491 Atque
231 459 324 480 mero
341 448 487 489 fervens,
505 451 604 481 cavet
621 447 725 490 hunc,
743 458 847 491 quem
864 447 1004 480 coccina
1020 447 1111 479 laena

98 492 214 526 Vitari
225 493 328 537 jubet
345 498 380 526 et
398 493 564 526 comitum
580 493 802 536 longissimus
819 493 911 535 ordo,

99 538 256 572 Multum
273 542 441 582 praeterea
456 539 676 572 flammarum
694 542 728 572 ct
746 539 879 571 ahenea
895 538 1029 582 lampas
1043 549 1051 572 :

100 584 169 627 Me,
187 596 291 628 quem
308 585 408 617 Luna
425 584 511 617 solet
528 584 697 617 deducere
715 584 770 617 vel
786 583 890 617 breve
906 584 1024 617 lumen

100 630 270 672 Candelae,
288 631 388 674 cujus
406 630 564 674 dispenso
581 634 617 663 et
636 634 787 674 tempero
804 629 913 672 filum,

101 675 309 709 Contemnit.
359 676 496 709 Miserae
515 687 679 718 cognosce
695 675 862 720 prooemia
877 675 974 718 rixae,

100 721 137 754 Si
154 721 232 754 rixa
249 724 310 764 est,
327 721 388 754 ubi
406 725 446 754 tu
463 722 590 765 pulsas,
608 733 671 765 ego
688 721 816 765 vapulo
833 725 984 754 tantum.

102 766 180 799 Stat
197 770 317 800 contra
335 767 488 810 starique
501 766 603 810 jubet
619 779 626 808 ;
651 779 771 811 parere
788 778 925 800 necesse
942 770 1004 800 est.
1154 767 1222 798 290

101 812 192 845 Nam
210 812 293 855 quid
311 824 403 856 agas,
422 824 531 856 quum
548 816 583 846 te
600 813 749 846 furiosus
767 816 868 855 cogat
885 816 920 846 et
938 813 1030 845 idem

102 858 263 891 Fortior?
290 859 391 892 Unde
408 859 531 891 venis?
557 859 752 892 exclamat:
779 860 877 901 cujus
896 862 1003 900 aceto,

103 903 209 946 Cujus
227 905 356 937 conche
373 908 486 937 tumes
501 904 513 937 2
539 905 617 947 quis
634 909 750 938 tecum
768 905 886 938 sectile
903 915 1044 948 porrum

103 948 206 982 Sutor
223 953 258 982 et
275 950 359 982 elixi
376 950 527 983 vervecis
544 950 641 983 labra
659 950 808 983 comedit
822 949 834 982 ’.ἰ

102 995 163 1027 Nil
180 995 267 1027 mihi
283 996 467 1039 respondes
482 996 494 1029 2
542 996 615 1029 Aut
633 996 698 1039 dic,
715 1000 777 1029 aut
795 995 912 1039 accipe
929 994 1068 1029 calcem.

103 1040 186 1082 Ede,
204 1041 265 1073 ubi
283 1041 457 1080 consistasq
475 1041 512 1074 in
531 1053 600 1084 qua
617 1046 651 1074 te
669 1052 783 1085 quaero
800 1041 999 1085 proseucha.

102 1085 225 1119 Dicere
243 1086 271 1119 si
288 1090 401 1119 tentes
419 1087 551 1130 aliquid
569 1088 740 1120 tacitusve
757 1087 904 1129 recedaS‚

103 1131 325 1164 Tantundem
342 1135 393 1165 est
409 1144 416 1171 ;
441 1133 572 1165 feriunt
590 1133 720 1176 pariter
734 1145 742 1172 3
768 1132 966 1165 vadimonia
983 1132 1108 1165 deinde

104 1176 191 1210 Irati
208 1177 353 1210 faciunt.
402 1177 558 1210 Libertas
576 1178 737 1222 pauperis
754 1178 828 1210 haec
845 1181 897 1210 est
912 1190 918 1211 :

104 1222 269 1255 Pulsatus
285 1226 386 1266 rogat
403 1227 437 1256 et
454 1224 582 1267 pugnis
599 1223 754 1256 concisus
772 1223 902 1264 adorat,
1155 1225 1223 1256 300

104 1267 153 1301 Ut
170 1268 274 1301 liceat
291 1268 410 1312 paucis
428 1281 508 1302 cum
525 1269 688 1302 dentibus
705 1269 787 1302 inde
803 1269 939 1302 reverti.

151 1313 223 1346 Nec
241 1318 358 1347 tamen
375 1314 450 1347 haec
468 1319 607 1348 tantum
624 1318 760 1348 metuas
775 1327 782 1348 2
808 1326 890 1347 nam
907 1314 967 1358 qui
985 1314 1109 1358 spoliet
1127 1319 1161 1348 te

103 1358 182 1392 Non
199 1359 318 1401 deerit,
337 1359 462 1393 clausis
480 1361 647 1402 domibus,
665 1364 848 1404 postquam
866 1360 976 1393 omnis
992 1361 1123 1404 ubique

103 1404 193 1438 Fixa
211 1409 380 1438 catenatae
399 1406 496 1439 siluit
514 1418 679 1450 compago
698 1405 859 1439 tabernae.

104 1449 288 1483 Interdum
305 1455 340 1484 et
356 1452 445 1484 ferro
464 1452 598 1485 subitus
615 1456 788 1495 grassator
805 1452 878 1495 agit
895 1463 979 1495 rem,

103 1496 247 1529 Armato
265 1497 399 1540 quoties
416 1501 505 1530 tutae
522 1498 663 1531 custode
681 1501 846 1531 tenentur

104 1540 151 1573 Et
168 1541 330 1575 Pomtina
347 1543 448 1586 palus
465 1547 499 1576 et
519 1543 709 1576 Gallinaria
726 1543 838 1587 pinus,

103 1586 159 1619 Sic
176 1587 257 1620 inde
274 1587 343 1620 huc
361 1599 478 1621 omnes
496 1592 665 1631 tanquam
681 1589 726 1622 ad
743 1589 875 1622 vivaria
892 1593 1037 1622 currunt

105 1631 181 1672 Qua
200 1632 336 1665 fornace
354 1645 485 1676 graves,
503 1646 572 1677 qua
589 1646 659 1667 non
677 1634 812 1676 incude,
830 1632 961 1667 caten'ae
976 1635 988 1668 2

103 1676 282 1710 Maximus
300 1678 336 1710 in
354 1679 477 1712 vinclis
494 1680 575 1712 serri
592 1680 724 1722 modus,
742 1684 783 1712 ut
801 1680 932 1721 timeas,
951 1692 994 1714 ne
1157 1683 1224 1714 310

105 1722 231 1756 Vomer
248 1723 395 1767 deficiat,
414 1736 457 1757 nc
475 1737 596 1759 marr-ae
615 1730 649 1758 et
667 1725 801 1759 sarcula
818 1725 941 1759 desint.
