1284 1922
73 67 118 98 96
385 65 427 99 D.
453 63 588 98 JUNH
613 63 878 98 JUVENALIs

69 132 143 165 Hos
161 143 297 176 quoque
314 132 442 175 felices,
460 132 521 175 qui
538 132 627 164 ferre
644 131 862 164 incommoda
879 130 972 173 vitae,

69 177 102 210 N
105 189 143 211 ec
155 179 290 222 jactare
302 179 441 221 jugum,
459 178 534 210 vita
551 177 701 210 didicere
718 177 894 220 magistra.

70 224 155 264 Quae
174 228 247 256 tam
263 223 353 256 festa
370 223 452 266 dies,
470 227 511 256 ut
528 227 636 256 cesset
653 223 795 266 prodere
812 222 935 264 furem,

70 269 265 311 Perfidiam,
283 269 423 302 fraudes
440 273 546 312 atque
564 269 657 301 omni
675 280 718 301 ex
736 268 879 300 crimine
897 268 1035 300 lucrum

71 315 274 357 Quaesitum,
292 318 327 347 et
343 318 459 358 partos
477 314 592 357 gladio
610 314 665 348 vel
682 314 812 358 pyxide
828 312 1011 345 nummos?

84 361 154 393 {ari
172 360 300 404 quippe
317 360 416 394 boni:
441 371 606 393 numerus
623 361 684 393 vix
701 364 753 393 est
770 359 926 402 totidem,
944 362 1028 402 quot

71 406 268 439 Thebarum
284 409 392 450 portae
409 406 465 439 vel
481 405 600 439 divitis
618 406 705 439 ostia
722 406 804 439 Nili.

71 451 172 484 Nona
189 455 272 484 aetas
290 452 407 495 agitur
423 453 608 495 pejoraque
626 451 742 484 secula
757 450 840 483 ferri

72 497 305 541 Temporibus,
324 509 470 541 quorum
488 497 606 530 sceleri
622 509 693 530 non
709 497 845 530 invenit
862 496 938 540 ipsa

70 543 216 585 Nomen,
234 547 269 576 et
286 554 306 576 a
323 543 420 575 nullo
438 543 554 586 posuit
571 547 699 575 natura
714 543 866 575 metallo.
1145 543 1190 574 30

71 588 142 621 Nos
159 589 340 621 hominum
357 588 557 631 Divumque
574 588 679 621 fidem
697 588 844 621 clamore
862 588 1000 630 ciemus,

73 634 211 674 Quanto
230 633 419 666 Faesidium
436 634 558 667 laudat
576 634 703 667 vocalis
721 637 883 677 agentem

72 679 245 723 Sportula.
287 679 363 722 Die,
382 679 493 712 senior
510 679 607 712 bulla
624 680 836 723 dignissime,
854 679 974 721 nescis,

73 725 166 766 Quas
184 725 311 758 habeat
330 725 480 758 Veneres
497 725 612 758 aliena
628 725 799 769 pecunia?
825 725 944 765 nescis,

73 771 184 811 Quem
201 774 263 803 tua
281 770 486 814 simplicitas
503 771 612 803 risum
630 771 734 814 vulgo
751 774 898 811 moveat,
917 781 1026 814 quum

72 816 195 859 Exigis
213 828 233 849 a
250 827 436 859 quoquam,
453 828 497 849 ne
514 818 645 860 pejeret
662 822 697 849 et
714 820 816 860 putet
832 816 914 848 ullis

74 862 156 894 Esse
173 861 314 905 aliquod
330 873 461 894 numen
478 862 618 905 templis
635 873 772 905 araeque
789 861 952 894 rubenti?

75 907 257 947 Quondam
274 907 338 940 hoc
355 907 529 950 indigenae
547 908 712 941 vivebant
729 919 832 947 more,
849 907 1053 950 priusquam

74 952 232 985 Sumeret
250 956 421 995 agrestem
438 953 549 996 posito
567 953 763 986 diademate
779 953 906 985 falcem

74 998 246 1031 Saturnus
264 998 411 1041 fugiens
429 1002 524 1040 tunc,
543 1010 650 1042 quum
667 998 875 1042 virguncula
892 998 917 1032 J
918 1009 998 1041 uno,
1147 998 1193 1031 40

73 1044 119 1077 Et
136 1044 295 1087 privatus
312 1043 427 1077 adhuc
445 1044 547 1076 Idaeis
565 1045 709 1088 Jupiter
725 1044 845 1087 antris,

72 1089 181 1122 Nulla
199 1101 301 1133 super
317 1089 426 1122 nubes
444 1091 602 1123 convivia
619 1090 860 1133 coelicolarum,

73 1135 105 1167 N
109 1147 146 1168 ec
164 1147 250 1178 puer
270 1135 410 1177 Iliacus,
427 1136 576 1168 formosa
591 1147 655 1168 nec
674 1136 834 1168 Herculis
851 1146 940 1169 uxor

73 1181 129 1213 Ad
147 1181 300 1223 cyathos,
318 1184 353 1213 et
365 1182 440 1224 jam
458 1181 583 1214 siccato
600 1186 740 1214 nectare
757 1186 895 1224 tergens

73 1226 224 1259 Brachia
242 1226 419 1259 Vulcanus
437 1226 594 1270 Liparaea
611 1227 711 1270 nigra
728 1227 881 1260 taberna.

74 1271 273 1304 Prandebat
291 1271 355 1304 sibi
374 1271 520 1315 quisque
538 1272 642 1314 Deus,
660 1284 725 1305 nec
743 1272 846 1305 turba
863 1272 1015 1305 Deorum

75 1317 176 1359 Talis,
194 1321 236 1349 ut
254 1322 305 1350 est
323 1317 434 1359 hodie,
453 1322 684 1361 contentaque
702 1318 814 1351 sidera
830 1318 951 1361 paucis

74 1362 287 1395 Numinibus
304 1363 468 1395 miserum
485 1363 657 1405 urgebant
675 1364 820 1396 Atlanta
836 1363 962 1396 minori

74 1408 240 1441 Pondere.
282 1408 445 1441 Nondum
463 1409 589 1452 aliquis
607 1410 747 1442 sortitus
765 1410 864 1442 triste
882 1409 1045 1452 profundi

75 1454 277 1497 Imperium,
295 1458 358 1486 aut
375 1454 492 1487 Sicula
509 1459 627 1488 torvus
645 1466 724 1487 cum
741 1455 887 1498 conjuge
905 1454 1054 1497 Plut0n5
1148 1457 1193 1489 50

74 1499 108 1532 N
110 1511 147 1532 ee
164 1503 250 1542 rota,
268 1511 331 1532 nec
350 1499 377 1532 F
380 1500 475 1542 urhe,
493 1511 557 1533 nec
575 1512 699 1533 saxum
716 1505 779 1533 aut
795 1500 945 1534 vulturis
963 1501 1032 1534 atri

75 1545 202 1585 Poena;
228 1545 286 1577 sed
304 1545 448 1578 infernis
465 1546 592 1579 hilares
610 1547 682 1579 sine
699 1546 838 1589 regibus
855 1547 996 1579 umbrae.

76 1590 286 1634 Improbitas
303 1590 362 1623 illo
379 1591 448 1623 fuit
465 1591 678 1625 admirabilis
696 1603 777 1625 aevo.

76 1636 270 1669 Credebant
287 1636 351 1668 hoc
368 1637 499 1679 grande
515 1638 612 1670 nefas
629 1642 664 1670 et
680 1642 790 1670 morte
806 1637 985 1681 piandum,

77 1681 113 1714 Si
125 1682 266 1724 juvenis
284 1682 401 1714 vetulo
418 1693 487 1715 non
505 1687 739 1716 assurrexerat
757 1687 791 1716 et
809 1683 836 1715 si

76 1726 227 1760 Barbato
245 1727 451 1771 cuicumque
468 1740 563 1772 puer>
580 1729 662 1762 lieet
678 1729 751 1773 ipse
768 1729 901 1763 videret
