1284 1922
0 0 3 71 >

0 76 2 175 ἵ

443 65 611 100 SATIRA
641 64 722 99 XII.
1101 68 1145 100 93

31 135 124 176 Quos
140 137 267 168 natura
284 133 397 167 dedit:
423 133 481 166 sed
499 136 623 166 trunca
640 144 757 177 puppe
773 132 939 176 magister

31 181 202 214 Interiora
217 179 317 224 petit,
334 179 476 212 Baianae
494 179 601 222 pervi·
593 191 613 211 ι
630 180 773 221 cjnibae,
1099 179 1144 211 80

30 226 113 259 Tuti
131 232 254 269 stagna
271 225 377 267 sinus,
394 224 549 267 gaudent
565 224 625 256 ubi
643 224 771 257 'vertice
788 235 864 257 raso

0 281 1 284 ’
32 271 180 305 Garrula
197 271 307 304 securi
324 281 463 303 narrare
477 269 632 313 pericula
649 274 775 303 nautae.

33 317 88 350 Ite
105 317 224 360 igitur,
241 315 350 360 pueri,
367 315 497 358 linguis
515 315 708 358 animisque
725 316 893 359 faventes,

32 362 200 406 Sertaque
217 361 370 395 delubris
387 364 421 393 et
438 361 530 393 farra
547 360 715 404 imponite
733 361 864 403 cultris,

32 408 85 441 Ac
100 408 221 441 molles
239 410 359 440 01n1te
375 407 468 439 focos
484 405 689 449 glebamque
706 406 897 440 virentem
892 408 898 431 ¹

34 453 117 487 Jam
135 464 258 497 sequar
275 456 320 495 et,
338 463 432 485 sacro
450 451 541 495 quod
559 455 702 495 praestat
718 451 784 484 rite
802 456 951 495 peracto,

36 499 123 532 Inde
141 499 282 531 domum
298 502 462 542 repetam,
480 497 624 540 graciles
641 496 702 530 ubi
718 508 827 541 parva
843 508 984 530 coronas

35 545 225 588 Accipiunt
241 544 360 587 fragili
377 543 488 576 simul·
483 554 562 576 [cra
578 543 730 576 nitentia
746 554 832 576 cera.

36 590 106 624 Hic
123 594 281 623 nostlum
298 588 441 633 placabo
458 588 483 622 J
485 599 593 630 ovem,
612 588 824 632 Laribusque
841 588 995 632 paternis

36 636 155 669 Thura
173 635 270 678 dabo,
288 639 394 678 atque
411 645 528 667 omnes
545 634 644 667 violae
656 634 797 677 jactabo
814 634 951 667 colores.
1104 635 1149 667 90

38 682 172 715 Cuncta
188 682 323 721 nitent3
347 680 467 723 longos
485 680 595 712 erexit
606 681 718 723 janua
733 690 846 713 ramos

38 727 84 760 Et
101 727 285 760 matutinis
302 733 465 770 operatur
481 726 571 758 festa
588 724 747 758 lucernis.

84 772 117 806 N
120 784 157 806 ec
174 776 335 816 suspecta
352 771 416 804 tibi
433 771 503 804 sint
520 770 785 813 l1aec‚C0rvine:
812 770 980 814 Catullus,

39 817 106 851 Pro
123 819 222 862 cujus
238 817 354 850 reditu
372 821 424 850 tot
441 827 530 860 pono
546 797 680 858 altaria,
698 827 820 861 parvos

40 864 122 897 Tres
138 863 244 897 habet
260 863 410 896 heredes.
459 861 559 895 Libet
577 867 786 906 exspectare,
805 862 882 905 quis
900 873 1028 906 aegram

41 909 88 942 Et
105 909 326 942 claudentem
344 908 459 941 oculos
476 907 644 959 gallinam
660 908 841 951 impendat
858 908 968 941 amico

41 955 127 988 Tam
145 954 265 988 sterili.
314 954 443 987 Verum
461 953 534 986 haec
551 953 660 986 nimia
677 959 729 985 est
746 953 918 997 impensa:
944 953 1106 986 coturnix

42 1000 151 1034 Nulla
167 1012 238 1043 unq
241 1011 323 1033 uam
340 1011 401 1043 pro
417 1003 516 1043 patre
534 999 643 1031 cadet.
693 998 828 1032 Sentiie
845 999 994 1032 calorem

44 1045 80 1080 Si
97 1046 202 1090 coepit
218 1045 370 1089 locuples
388 1045 517 1078 Gallita
534 1049 569 1077 et
587 1044 731 1077 Paccius
749 1044 832 1088 orbi,

46 1091 217 1135 Legitime
234 1091 313 1124 fixis
331 1091 479 1123 vestitur
496 1095 570 1123 tota.
582 1090 718 1123 tabellis
1089 1092 1155 1123 100

50 1137 229 1178 Porticus;
254 1137 427 1170 exsistunt
444 1135 504 1179 qui
521 1135 752 1179 promittunt⁰
769 1135 1006 1179 hecatomben,

47 1183 226 1224 Quatenus
243 1182 300 1216 hic
317 1193 387 1215 non
404 1185 485 1214 sunt
502 1192 566 1214 nec
583 1181 720 1214 venales
738 1181 925 1225 elephanti,

46 1228 119 1262 Nec
136 1228 245 1271 Latio,
262 1231 324 1261 aut
341 1238 489 1271 usquam
507 1226 570 1260 sub
586 1231 702 1260 nostro
719 1227 829 1260 sidere
846 1227 926 1260 talis

47 1274 171 1308 Bellua
188 1273 398 1317 concipitur:
424 1273 483 1306 sed
498 1272 601 1305 furva
617 1276 720 1315 gente
737 1273 849 1317 petita

47 1319 236 1352 Arboribus
254 1319 394 1352 Rutulis
411 1322 446 1351 et
463 1318 570 1351 Turni
586 1318 741 1362 pascitur
757 1330 849 1361 agro,

49 1365 188 1398 Caesaris
205 1369 411 1406 armentum,
428 1363 518 1396 nulli
536 1364 660 1396 servire
677 1368 840 1407 paratum

49 1410 208 1444 Privato:
233 1410 403 1454 siquidem
421 1409 523 1452 Tyrio
540 1420 659 1452 parere
676 1408 832 1442 solebant

50 1455 252 1499 Hannibali,
270 1460 305 1488 et
321 1455 446 1488 nostris
464 1455 617 1497 ducibus,
634 1455 777 1498 regique
794 1454 952 1498 Molosso,

51 1501 186 1535 Horum
202 1502 356 1545 majores,
374 1512 414 1534 ac
431 1501 528 1533 dorso
545 1500 634 1533 ferre
651 1500 816 1543 cohortes,

51 1546 192 1580 Partem
208 1547 362 1590 aliquam
379 1546 471 1589 belli,
485 1550 520 1579 et
537 1550 679 1579 euntem
695 1547 733 1579 in
749 1546 872 1591 proelia
888 1546 1022 1580 turrim.
1096 1548 1161 1579 110

51 1592 158 1625 Nulla
174 1592 284 1636 igitur
298 1603 393 1626 mora
410 1603 470 1636 per
487 1591 648 1634 Novium,
665 1603 760 1625 mora
777 1592 875 1625 nulla
891 1604 952 1637 per
969 1592 1130 1626 Histrum

53 1637 255 1680 Pacuvium,
272 1638 357 1682 quin
374 1637 463 1670 illud
481 1636 564 1670 ebur
581 1637 731 1671 ducatur
742 1638 787 1671 ad
804 1649 891 1681 araS,

52 1682 100 1716 Et.
116 1683 218 1717 cadat
235 1688 317 1717 ante
333 1684 436 1718 Lares
454 1683 590 1718 Gallitae
608 1683 760 1727 victima,
778 1683 850 1717 sola

514 1740 707 1772 vpromittant
