1284 1922
494 69 664 103 SATIRA
689 66 730 104 X.

50 135 216 179 Egregios
234 136 367 180 equites
385 140 420 170 et
437 140 551 171 eastra
569 137 767 171 domestica.
818 137 950 179 Quidni

51 181 138 214 Haec
155 182 275 226 cupias
289 182 301 216 2
327 186 362 216 et
379 183 440 226 qui
456 183 583 216 nolunt
596 184 750 217 occidere
768 195 978 228 quenquam,

50 227 155 261 Posse
172 228 304 262 volunt.
353 228 420 262 Sed
438 240 514 273 quae
532 229 698 273 praeclara
714 234 750 262 et
766 241 940 274 prospera,
957 232 1099 264 tantum

51 273 101 306 Ut
118 273 221 307 rebus
238 274 327 307 laetis
344 286 408 319 par
425 275 471 308 sit
487 286 651 308 mensura
667 275 863 309 malorum?

51 318 179 363 Hujus,
197 320 258 363 qui
275 320 437 363 trahitur,
454 325 664 365 praetextam
682 332 816 354 sumere
833 322 955 366 mavis,

50 364 108 398 An
125 365 339 399 Fidenarum
357 366 614 410 Gabiorumque
631 378 702 400 esse
719 371 883 411 potestas,

50 410 98 444 Et
115 411 158 444 de
173 423 337 445 mensura
349 413 409 456 jus
427 413 551 455 dicere,
568 424 652 446 vasa
667 413 803 446 minora

51 456 235 500 Frangere,
253 469 428 501 pannosus
446 459 565 492 vacuis
582 459 710 492 AEdilis
728 458 897 492 Ulubris?

51 502 143 545 Ergo
161 503 244 546 quid
261 504 455 547 optandum
472 504 571 547 foret,
589 504 764 547 ignorasse
782 505 903 538 fateris

51 547 218 592 Sejanum
234 560 241 583 ε
266 561 349 582 nam
367 550 429 593 qui
446 550 571 583 nimios
589 550 733 594 optabat
750 550 896 584 honores

52 593 99 627 Et
116 594 242 628 nimias
259 595 423 639 poscebat
440 607 530 639 opes,
548 607 731 629 numerosa
748 596 897 640 parabat

51 639 207 674 Excelsae
225 641 331 674 turris
349 641 518 684 tabulata,
536 642 630 674 unde
648 642 752 675 altior
769 646 858 675 esset

52 685 168 728 Casus,
186 690 221 719 et
238 687 397 730 impulsae
415 698 567 731 prreceps
585 688 736 720 immane
753 688 872 721 ruinae.

53 731 146 772 Quid
164 731 309 775 Crassos,
327 733 412 776 quid
429 733 610 777 Pompeios
628 732 776 766 evertit?
803 737 838 766 et
855 734 967 778 illum,

51 777 106 810 Ad
124 789 186 810 sua
203 778 264 822 qui
281 778 427 812 domitos
446 779 594 811 deduxit
610 778 720 822 flagra
739 779 890 820 Quirites
907 779 919 814 2

52 822 216 856 Summus
233 835 358 867 nempe
375 825 471 857 locus
488 825 588 857 nulla
604 836 674 857 non
692 829 767 858 arte
784 826 926 869 petitus,

51 868 253 913 Magnaque
269 870 473 903 numinibus
491 874 573 903 vota
590 871 758 904 exaudita
770 871 944 914 malignis.

51 914 108 948 Ad
125 927 293 958 generum
311 916 441 949 Cereris
459 916 532 949 sine
550 917 642 949 eaede
659 920 694 949 et
711 917 855 950 vulnere
872 917 977 961 pauci

51 960 279 994 Descendunt
295 973 392 1005 reges
410 966 445 995 et
463 962 553 995 sicca
569 966 681 995 morte
698 963 850 1005 tyranni.

99 1007 288 1050 Eloquium
305 1019 345 1040 ac
362 1008 494 1040 famam
510 1008 754 1041 Demosthenis
772 1012 835 1042 aut
854 1008 1026 1043 Ciceronis

52 1051 188 1096 Incipit
206 1057 326 1096 optare
343 1057 378 1086 et
396 1054 478 1086 totis
498 1053 776 1097 Quinquatribus
793 1059 903 1098 optat,

53 1098 218 1142 Quisquis
236 1099 350 1132 adhuc
367 1111 438 1132 uno
455 1103 593 1143 partam
612 1100 695 1132 colit
712 1111 786 1133 asse
805 1101 1010 1145 Minervam,

54 1144 166 1184 Quem
184 1145 342 1188 sequitur
359 1149 474 1178 custos
491 1149 650 1188 angustae
669 1146 816 1179 vernula
833 1158 955 1190 capsae.

52 1189 201 1233 Eloquio
219 1190 278 1223 sed
295 1194 442 1234 uterque
458 1191 552 1234 perit
570 1195 685 1224 orator
699 1204 707 1232 3
733 1195 923 1236 utrumque

52 1235 185 1278 Largus
203 1240 238 1269 et
256 1236 438 1269 exundans
455 1237 525 1269 leto
544 1237 641 1270 dedit
658 1237 792 1281 ingenii
809 1238 896 1272 fons.

53 1281 200 1324 Ingenio
216 1293 340 1315 manus
358 1286 410 1315 est
427 1285 463 1315 et
480 1283 598 1315 cervix
615 1294 704 1316 eaesa
718 1296 726 1323 ;
751 1295 815 1316 nec
831 1296 990 1328 unquam

53 1326 230 1370 Sanguine
247 1328 414 1360 causidici
430 1328 643 1361 maduerunt
660 1333 771 1361 rostra
788 1330 917 1372 pusilli.

53 1373 109 1406 “O
128 1373 346 1406 fortunatam
361 1377 483 1406 natam
499 1385 555 1406 me
573 1374 720 1407 Consule
738 1374 884 1408 Romam
896 1378 903 1410 !
915 1376 934 1390 ”

53 1417 188 1452 Antoni
205 1419 339 1462 gladios
356 1419 472 1463 potuit
490 1423 720 1459 contemnere,
738 1420 767 1452 si
784 1420 833 1453 sic

55 1464 181 1497 Omnia
198 1465 352 1498 dixisset.
403 1464 563 1497 Ridenda
579 1470 742 1508 poemata
758 1465 859 1504 malo,

55 1510 168 1550 Quam
185 1514 220 1543 te
237 1511 441 1554 conspicuae,
460 1510 580 1543 divina
597 1510 806 1554 Philippica,
824 1511 937 1556 famae,

54 1555 212 1589 Volveris
229 1568 250 1589 a
266 1557 379 1600 prima
396 1568 472 1600 quae
485 1556 652 1600 proxima.
702 1557 820 1590 Saevus
838 1562 872 1591 et
888 1558 992 1592 illum

53 1601 182 1635 Exitus
199 1602 339 1645 eripuit,
358 1613 461 1645 quem
477 1602 697 1635 mirabantur
714 1602 863 1636 Athenae

57 1647 261 1681 Torrentem
278 1652 313 1681 et
330 1648 426 1692 pleni
442 1648 682 1681 moderantem
699 1648 808 1682 fraena
825 1649 966 1685 theatri.

55 1692 121 1726 Dis
138 1693 198 1726 ille
215 1693 367 1727 adversis
385 1694 525 1737 genitus
542 1693 684 1737 fatoque
703 1694 853 1736 sinistro,

57 1738 170 1780 Quem
185 1742 295 1785 pater,
312 1739 468 1774 ardentis
484 1751 607 1774 massae
623 1740 773 1785 fuligine
788 1741 916 1787 lippus,

1105 369 1174 402 100

1109 828 1175 860 110

1109 1287 1175 1318 120

1110 1745 1180 1779 130
