1284 1922
328 338 376 373 D.
408 337 592 373 JUNII
639 334 1023 371 JUVENALIS

209 438 1147 527 SATIRARU'M

430 618 597 652 LIBER
629 616 924 651 SECUNDUS.

547 769 717 803 SATIRA
742 768 803 803 VI.

118 849 239 882 CREDO
256 849 466 892 pudicitiam
483 848 633 882 Saturno
649 860 731 891 rege
746 851 918 881 moratam

117 894 159 926 In
177 895 287 937 terris,
305 895 483 938 visamque
501 894 571 937 diu,
589 906 697 938 quum
688 876 780 936 0frio
777 894 842 926 ida
858 904 982 937 paivas

118 939 291 972 Praebfflet
309 940 473 983 spelunca
491 940 617 981 domos,
634 940 828 982 ignemque,
846 939 1032 982 laremque,

116 985 144 1017 Γ
148 992 160 1017 t
179 997 283 1028 pecus
302 991 336 1018 et
354 986 510 1018 dominos
528 985 703 1017 communi
720 984 861 1017 claudel
863 988 897 1017 et
914 984 1061 1025 umbra3

115 997 317 1063 Silvpestrem
333 1037 500 1064 montana
517 1035 632 1063 torum
650 1042 759 1073 quum
777 1034 945 1062 steineret
961 1040 1051 1062 uxor

114 1076 311 1108 Frondibus
328 1079 363 1109 et
380 1076 503 1116 culmo,
521 1076 785 1117 vicinarumque
804 1076 956 1108 ferarum

115 1120 280 1163 Pellibus,
297 1121 392 1154 haud
411 1121 531 1153 similis
549 1120 623 1163 tibi,
642 1121 803 1164 Cynthia,
820 1132 884 1153 nee
900 1120 976 1163 tibi,
994 1120 1093 1163 cujus

114 1166 283 1199 Turbavit
300 1166 429 1199 nitidos
446 1166 640 1198 exstinctus
657 1177 773 1208 passer
790 1165 923 1208 ocellos,

114 1211 181 1244 Sed
198 1212 353 1255 potanda
370 1212 482 1244 ferens
499 1211 694 1243 infantibus
711 1210 818 1243 ubera
834 1211 981 1253 magnis,

113 1256 160 1289 Et
178 1268 267 1300 saepe
284 1257 454 1289 horridior
470 1256 634 1299 glandem
649 1260 812 1288 ructante
828 1257 964 1289 marito.
1185 1258 1229 1289 10

115 1302 252 1346 Quippe
270 1302 372 1334 aliter
388 1306 484 1344 tunc,
502 1301 581 1334 orbe
597 1312 685 1334 novo
704 1301 856 1344 coeloque
872 1301 1014 1344 recenti,

114 1346 289 1380 Vivebant
307 1347 472 1389 homines,
491 1347 550 1390 qui
566 1350 670 1389 rupto
685 1346 803 1379 robore
820 1347 906 1389 nati,

115 1392 345 1435 Compositive
362 1393 437 1425 lut-o
454 1392 568 1424 nullos
585 1392 736 1424 habuere
753 1396 924 1435 parentes,

112 1437 230 1470 Multa
246 1438 425 1481 pudicitiae
443 1438 568 1470 veteris
585 1437 731 1480 vestigia
747 1437 863 1470 forsan

112 1483 185 1516 Aut
203 1483 322 1526 aliqua
339 1483 538 1515 exstiterint
555 1487 590 1515 et
608 1481 671 1515 sub
687 1483 795 1522 Jove3
821 1482 880 1515 sed
897 1482 986 1517 Jove
1002 1483 1158 1516 nondum

111 1528 272 1569 Barbato,
290 1529 446 1561 nondum
465 1528 591 1561 Graeeis
603 1529 722 1571 jurare
738 1528 869 1571 paratis

111 1572 178 1607 Per
195 1577 301 1616 caput
319 1574 473 1615 alterius,
491 1585 600 1616 quum
616 1573 730 1606 finem
746 1584 846 1606 nemo
863 1574 1002 1607 timeret

112 1618 277 1651 Caulibus
295 1622 357 1651 aut
374 1619 494 1662 pomiS,
512 1623 547 1651 et
564 1624 683 1662 aperto
701 1619 832 1651 viveret
849 1619 958 1652 horto.

111 1663 289 1697 Paulatim
307 1664 432 1697 deinde
449 1664 494 1697 ad
511 1676 650 1708 superos
667 1663 800 1697 Astraea
816 1665 956 1697 recessit

112 1710 144 1743 1]
153 1721 191 1743 uc
210 1709 344 1753 comite,
362 1714 467 1753 atque
485 1709 563 1743 duae
579 1709 711 1754 pariter
725 1709 846 1753 fugere
863 1719 1000 1744 sorores.
1178 1713 1224 1744 20
