1284 1922
84 73 151 105 104
398 70 441 104 D.
467 70 492 104 J
496 69 602 103 UNII
628 69 653 103 J
656 69 893 103 UVENALIS

82 136 155 169 Nec
172 135 274 169 vultu
291 134 436 177 dederit,
453 145 590 167 morum
607 145 744 186 quoque
760 133 863 177 filius,
881 136 917 167 et
934 134 995 178 qui

84 181 209 214 Omnia
226 180 378 214 deterius
395 184 458 214 tua
475 191 536 224 per
553 179 701 222 vestigia
718 183 856 223 peccet:

84 226 252 270 Corripies
269 226 436 259 nimirum
454 229 489 259 et
506 225 691 269 castigabis
708 225 830 259 acerbo

83 273 238 306 Cltmore
255 283 294 305 ac
311 275 389 316 post
405 272 479 305 haec
495 271 633 305 tabulas
650 274 786 304 mutare
803 269 962 323 par-abis!

83 318 184 351 Unde
201 317 267 351 tibi
283 318 435 351 frontem
450 317 718 360 libertatemque
735 317 899 360 parentis,

84 364 200 404 Quum
217 364 323 397 facias
340 365 457 407 pejora
474 374 579 396 senex
597 374 817 405 vacuumque
834 362 970 395 cerebro

82 410 107 443 J
109 421 165 443 am
183 409 317 453 pridem
335 413 442 453 caput
458 409 523 442 hoc
540 413 684 442 ventosa
700 408 881 441 cucurbita
899 408 1057 452 quaerat?

129 455 276 498 Hospite
293 459 448 496 venturo⁷
467 454 613 488 cessabit
630 465 731 487 nemo
748 457 897 487 tuorum.

80 501 217 534 “Verre
233 501 484 544 pavimentum,
502 500 632 533 nitidas
649 499 791 533 ostende
808 499 997 541 columnas,
1160 502 1204 534 60

82 547 191 579 Arida
207 557 288 578 cum
304 549 380 578 tota
397 544 585 578 descendat
601 556 728 578 aranea
745 544 835 585 tela3

82 592 151 624 Hic
168 591 242 625 leve
259 594 454 633 argentum,
471 601 554 623 vasa
571 601 692 634 aspera
709 594 844 634 tergeat
861 587 998 624 alter:”-

82 637 160 670 Vox
177 637 309 670 domini
326 636 414 669 furit
430 636 596 669 instantis
614 636 817 680 virgamque
834 637 994 670 tenentis.

80 683 172 726 Ergo
189 683 292 716 miser
309 682 472 727 trepidas,
490 693 534 715 110
551 686 699 715 stercore
716 682 809 715 foeda
826 682 950 715 canino

79 729 180 762 Atria
197 728 404 772 displiceant
421 728 530 761 oculis
546 728 718 761 venientis
736 727 849 770 amici,

79 774 152 807 Nec
169 775 309 818 perfusa
325 774 401 807 luto
419 773 464 806 sit
481 773 652 817 porticus;
679 773 729 817 (et
747 777 865 806 tamen
882 784 951 807 uno

80 820 238 853 Semodio
255 819 364 853 scobis
380 819 455 852 haec
473 819 634 852 emendat
652 819 807 852 servulus
826 831 914 852 1111115
925 819 947 863 ;)

80 865 175 898 Illud
191 877 262 899 non
278 865 401 909 agitas,
421 869 461 898 ut
479 869 636 898 sanctam
653 865 746 898 filius
763 865 857 898 omni

79 911 236 956 Aspiciat
254 911 327 945 sine
343 911 420 944 labe
438 911 579 944 domum
597 911 749 954 vitioque
767 910 964 944 carentem?

80 958 227 991 Gratum
244 962 305 1000 est,
323 957 414 1000 quod
431 957 553 1000 patriae
571 956 683 990 civem
699 956 895 1000 populoque
912 956 1048 999 dedisti,
1160 958 1203 991 70

79 1002 116 1036 Si
133 1004 228 1046 facis,
246 1007 287 1036 ut
304 1003 425 1047 patriae
443 1003 487 1035 sit
503 1002 657 1042 idoneus,
676 1002 772 1035 utilis
789 1003 891 1046 agris,

79 1048 186 1082 Utilis
203 1053 238 1082 et
254 1049 424 1082 bellorum
441 1053 476 1081 et
493 1048 588 1092 pacis
605 1048 705 1081 rebus
723 1049 875 1091 agendis.

79 1094 275 1127 Plurimum
292 1095 385 1128 enim
398 1095 565 1136 intererit,
578 1093 702 1138 quibus
716 1094 848 1127 artibus
862 1097 897 1127 et
910 1093 1035 1137 quibus
1051 1094 1144 1128 hunc
1160 1097 1202 1128 tu

78 1140 234 1173 Moribus
252 1141 424 1174 instituas.
474 1139 640 1183 Sei-pente
657 1140 790 1173 ciconia
806 1140 919 1183 pullos

78 1185 112 1219 N
114 1186 202 1219 utrit
220 1190 254 1219 et
271 1187 415 1218 inventa
432 1197 493 1229 per
510 1186 611 1219 devia
628 1197 708 1218 rura
725 1186 874 1219 lacerta:

80 1231 139 1264 Illi
157 1231 277 1264 eadem
295 1231 418 1264 sumtis
435 1235 594 1274 querunt
611 1231 778 1264 animalia
795 1231 921 1275 pinnis.

79 1277 218 1319 Vultur,
231 1278 391 1320 jumento
408 1280 443 1309 et
461 1276 604 1310 canibus
621 1276 848 1320 crucibusque
864 1276 1002 1320 relictis,

79 1323 133 1355 Ad
150 1323 242 1356 fetus
260 1326 431 1367 properat,
450 1326 654 1375 partemque
671 1322 848 1355 cadaveris
866 1322 975 1355 affert.

78 1369 148 1402 Hic
165 1373 217 1402 est
235 1380 315 1412 ergo
332 1369 429 1402 cibus
445 1368 565 1411 magni
584 1379 720 1411 quoque
738 1368 887 1402 vultuiis
904 1372 939 1401 et
957 1380 991 1401 se

77 1396 292 1457 Pascentis,O
284 1415 424 1458 propria
441 1426 550 1458 quum
563 1415 638 1457 jam
654 1414 740 1447 facit
758 1414 877 1447 arbore
893 1414 1001 1447 nidos.
1153 1416 1198 1448 80

79 1461 145 1494 Sed
163 1460 314 1504 leporem
330 1464 392 1493 aut
410 1471 569 1504 capream
586 1459 725 1492 famulae
743 1460 842 1493 JOV1s
859 1463 894 1493 et
910 1471 1083 1503 generosae

78 1506 122 1539 In
140 1506 231 1539 saltu
248 1510 421 1540 venantur
438 1517 534 1539 aves:
560 1506 617 1538 hic
635 1506 751 1549 praeda
768 1505 876 1539 cubili

77 1552 242 1585 Ponitur:
268 1552 350 1584 inde
368 1555 496 1594 autem,
515 1563 623 1595 quum
641 1563 675 1584 se
691 1555 829 1584 matura
846 1551 989 1585 levarit‘

76 1598 262 1640 Progenies
280 1597 483 1630 stimulante
501 1598 603 1639 fame,
620 1597 764 1630 festinat
781 1597 825 1630 ad
842 1597 949 1640 illam,

77 1643 189 1684 Quam
207 1643 359 1686 primum
376 1643 528 1686 praedam
545 1647 649 1684 rupto
666 1646 866 1686 gustaverat
883 1654 955 1676 ovo.

122 1689 325 1722 AEdificator
342 1693 416 1722 erat
434 1689 615 1722 Cetronius
633 1693 667 1721 ct
683 1688 784 1722 modo
801 1700 906 1722 curvo

570 1749 580 1761 ¹
598 1746 702 1771 levabit
