1284 1922
487 56 657 91 SATIRA
682 57 723 92 X.
1144 60 1187 95 79

71 123 120 156 Ut
137 124 252 168 pueris
269 123 405 168 placeas
422 127 457 157 et
474 124 680 158 declamatio
697 124 778 160 fias!

70 168 168 202 Unus
186 169 310 203 Pell-no
322 170 446 213 juveni
463 181 532 203 non
550 170 677 203 sufficit
694 170 802 203 orbis:

68 214 212 248 AEstuat
229 215 353 248 infelix
371 219 520 259 angusto
537 215 650 248 limite
667 215 800 257 mundi,

69 259 118 293 Ut
136 260 240 304 Gyari
258 261 394 294 clausus
412 261 560 305 scopulis
578 272 753 304 parvaque
771 261 930 313 Seripho:
1120 264 1186 297 170

69 304 186 345 Quum
203 310 320 339 tamen
337 318 358 339 a
374 306 490 350 figulis
507 307 682 339 munitam
698 307 883 340 intraverit
901 307 1031 350 urbem,

67 349 289 403 Sarcophago.
303 356 487 385 contentus
505 352 578 385 erit.
619 351 714 384 Mors
732 352 804 385 sola
820 353 961 395 fatetur,

68 396 247 436 Quantula
264 397 333 430 sint
351 397 532 431 hominum
550 397 762 441 corpuscula.
804 397 965 431 Creditur
982 398 1063 432 olim

67 441 270 475 velificatus
287 443 408 485 Athos,
426 447 461 476 et
478 443 649 487 quidquid
668 443 714 476 G1
716 443 801 476 aecia
817 444 969 477 mendax

66 487 183 520 Audet
199 488 237 520 in
254 488 415 522 historia:
441 493 656 522 constratum
673 488 839 522 classibus
857 489 968 522 isdem

65 532 359 577 Suppositumque
376 535 460 567 rotis
478 534 625 567 solidum
642 545 754 568 mare:
780 534 952 568 credimus
969 535 1058 569 altos

64 578 238 612 Defecisse
256 591 373 612 amnes
391 584 561 623 epotaque
578 580 733 622 flumina,
750 579 855 613 Medo

64 623 272 668 Prandente,
290 630 325 658 et
342 626 490 658 madidis
508 628 628 658 cantat
645 636 722 668 quae
740 625 915 658 Sostratus
932 626 1005 660 alis.

65 670 130 703 Ille
147 674 265 704 tamen
283 670 394 715 qualis
412 671 516 703 rediit
534 670 709 703 Salamine
726 670 857 713 relicta,

64 715 107 749 In
125 716 251 749 Corum
267 721 371 760 atque
389 716 523 748 Eurum
541 715 661 748 solitus
680 716 799 749 saevire
816 716 962 759 flagellis
1117 721 1181 752 180

62 761 245 804 Barbarus,
263 762 374 795 AEolio
391 772 572 805 nunquam
588 761 652 794 hoc
669 761 706 794 in
723 773 857 794 carcere
874 773 1000 806 passos,

63 807 184 851 Ipsum
201 807 422 852 compedibus
440 808 500 851 qui
517 807 678 840 vinxerat
695 807 963 850 Ennosigaeum?

63 853 203 896 (Mitius
219 853 256 886 id
273 864 364 896 sane,
382 853 474 897 quod
491 864 560 886 non
578 856 612 885 et
629 852 792 895 stigmate
810 853 957 896 dignum

61 899 226 932 Credidit.
268 899 362 932 Huic
380 899 564 942 quisquam
581 898 686 931 vellet
704 898 830 931 servire
846 899 998 932 Deorum
1010 899 1034 943 l)

61 943 128 977 Sed
145 944 257 988 qualis
273 944 395 978 rediit?
421 955 545 987 nempe
561 955 633 976 una
650 955 747 986 nave,
766 945 918 977 cruentis

60 989 253 1033 Fluctibus,
271 1001 310 1023 ac
328 989 430 1023 tarda
447 1001 508 1033 per
525 989 631 1022 densa
648 989 816 1022 cadavera
832 1001 942 1034 prora.

60 1035 135 1068 Has
153 1035 255 1068 toties
273 1040 393 1079 optata
410 1035 527 1078 exegit
544 1034 655 1077 gloria
671 1036 808 1078 poenas!

111 1079 131 1096 “
143 1079 197 1113 Da
214 1082 364 1125 spatium
381 1082 472 1123 vitat,
489 1080 620 1115 multos
636 1081 690 1121 da,
709 1079 859 1123 Jupiter,
877 1091 986 1114 annos
1001 1081 1032 1116 !’'

60 1126 136 1160 Hoc
152 1130 246 1159 recto
264 1126 366 1160 vultu
384 1126 505 1168 solum,
523 1126 587 1159 hoc
605 1129 639 1158 et
657 1125 808 1169 pallidus
825 1130 933 1169 optas,

59 1171 125 1205 Sed
143 1183 247 1216 quam
264 1172 438 1205 continuis
455 1175 491 1204 et
508 1171 649 1215 quantis
666 1171 770 1214 longa
787 1176 946 1204 senectus
1111 1175 1177 1207 190

59 1217 168 1250 Plena
183 1217 300 1250 malis!
341 1217 540 1250 Deformem
558 1220 593 1249 et
611 1220 741 1249 tetrum
758 1220 840 1250 ante
857 1217 974 1252 omnia
991 1218 1130 1252 vultum

57 1262 338 1307 Dissimilemque
355 1263 418 1305 sui,
436 1262 625 1296 deformem
642 1274 703 1306 pro
720 1266 800 1295 cute
817 1262 953 1307 pellem,

59 1307 324 1352 Pendentesque
341 1320 447 1352 genas
465 1312 499 1341 et
517 1307 603 1341 tales
620 1308 735 1351 aspice
751 1319 867 1351 rugas,

58 1354 194 1396 Quales,
211 1355 416 1387 umbriferos
433 1353 493 1386 ubi
510 1353 633 1397 pandit
651 1353 804 1386 Tabraca
820 1354 939 1397 saltus,

58 1399 101 1432 In
118 1400 237 1433 vetula
254 1400 378 1444 scalpit
390 1401 466 1443 jam
482 1403 594 1432 mater
611 1398 711 1432 simia
726 1399 845 1432 bucca.

56 1445 215 1478 Plurima
232 1450 314 1478 sunt
326 1447 498 1489 juvenum
516 1444 733 1478 discrimina:
759 1445 909 1488 pulcrior
925 1445 985 1479 ille

57 1491 143 1534 Hoc,
160 1496 264 1534 atque
281 1491 340 1524 ille
357 1491 441 1531 alio3
465 1490 619 1523 multum
636 1489 692 1523 hic
708 1489 881 1524 robustior
896 1491 972 1525 illo:

57 1536 136 1570 Una
153 1548 275 1570 senum
291 1537 407 1579 facies,
426 1547 506 1569 cum
523 1547 605 1569 voce
622 1536 808 1569 trementia.
824 1537 988 1581 membra,

56 1581 130 1615 Et
115 1594 190 1626 Jam
207 1582 281 1615 leve
299 1563 407 1626 caput?
421 1582 622 1625 madidique
639 1581 790 1615 infantia
807 1583 891 1616 nasi.

57 1627 285 1671 Frangendus
301 1628 425 1661 misero
442 1627 586 1671 gingiva
603 1627 702 1670 panis
719 1628 860 1662 inermi:
1104 1632 1174 1663 200

57 1673 174 1717 Usque
191 1674 275 1707 adeo
292 1673 408 1717 gravis
425 1674 527 1706 uxoli
543 1673 703 1716 natisque
721 1673 865 1718 sibique,

56 1719 106 1752 Ut
123 1719 294 1764 captatori
311 1723 448 1755 moveat
464 1718 607 1756 fastidia
625 1718 735 1753 cosso.
