1284 1922
497 68 669 103 SATIRA
689 69 756 103 111.
1145 73 1188 104 15

298 115 304 120 ”
849 111 866 127 θ

68 133 156 176 Quis
172 134 275 168 facile
292 137 344 168 est
361 134 470 167 aedem
488 134 689 177 conducere,
705 134 860 177 flumina,
878 138 1008 179 portus,

66 180 272 214 Siccandam
289 180 448 222 eluviem,
467 180 676 224 portandum
694 180 739 213 ad
756 180 859 214 busta
876 181 1033 225 cadaver,

65 226 113 260 Et
129 226 280 271 proebere
298 229 405 270 caput
423 226 564 259 domina
580 226 702 259 venale
719 225 783 259 sub
800 226 910 260 hasta.

67 272 250 313 Quondam
266 272 305 305 hi
321 271 512 305 cornicines
529 276 564 305 et
580 271 805 316 municipalis
822 283 934 306 arenae

64 317 233 363 Perpetui
249 317 400 360 comites,
417 322 578 362 not-seque
595 329 657 362 per
673 317 802 361 oppida
817 317 936 352 buccae

64 363 215 398 Munera
230 375 326 397 nunc
343 363 454 397 edunt
471 368 516 407 et,
535 375 632 397 verso
648 363 774 408 pollice
790 364 899 408 vulgi,

67 409 184 450 Quum
201 409 296 453 libet,
313 409 478 443 occidunt
496 409 712 454 populariter
727 421 734 444 :
759 409 842 443 inde
857 411 984 444 reversi

66 455 275 489 Conducunt
290 455 416 489 foricas
431 467 439 489 ι
464 459 500 489 et
516 466 578 489 cur
594 466 665 489 non
681 455 821 489 omnia?
846 467 957 500 quum
973 457 1044 490 sint

67 501 194 542 Quales
211 513 254 535 ex
271 501 398 534 humili
414 512 543 545 magna
559 501 605 535 ad
621 501 765 545 fastigia
781 513 898 535 rerum

65 547 225 590 Extollit,
243 548 378 590 quoties
394 547 507 580 voluit
526 546 681 580 Fortuna
693 548 814 591 jocari.
1138 550 1185 582 40

66 593 160 634 Quid
178 593 296 626 Romae
313 592 441 626 faciam
457 592 470 626 ’.Ι
517 592 662 626 Mentiri
678 594 794 627 nescio
807 606 816 634 ;
840 593 979 638 librum,

65 639 103 673 Si
119 639 232 672 malus
249 642 310 681 est,
327 650 460 683 nequeo
477 638 622 673 laudare
639 642 674 673 et
691 650 829 683 poscere
844 652 854 680 ;
878 645 994 674 motus

65 685 247 718 Astrorum
264 685 383 728 ignoro
397 697 406 725 ;
430 684 538 719 funus
554 685 755 729 promittere
771 686 881 729 patris

65 730 100 764 N
101 742 139 764 ec
155 731 241 774 volo,
258 742 322 764 nec
338 742 479 775 possum
493 744 501 772 3
525 742 691 764 rana-rum
707 731 840 765 viscera
856 743 1039 776 nunquam

66 775 220 821 Inspexi.
268 776 371 810 Ferre
387 776 432 810 ad
448 780 598 821 nuptam
615 788 693 821 quae
709 777 822 810 mittit
838 777 987 822 adulter,

68 822 152 863 Quoe
169 822 325 865 mandat,
342 823 480 856 norint·
497 822 559 856 alii
575 835 582 856 :
607 834 662 856 me
678 834 780 857 nemo
795 823 956 858 ministro

66 868 140 902 Fur
156 869 231 911 erit,
249 872 356 912 atque
372 868 450 902 ideo
465 868 557 902 nulli
573 880 685 902 comes
701 880 796 912 exeo,
813 874 983 913 tanquam

67 913 215 948 Mancus
232 918 267 948 et
284 914 465 948 exstinctae
483 926 606 959 corpus
623 926 693 948 non
710 914 798 948 utile
815 915 957 950 dextrae.

68 959 153 1001 Quis
169 971 264 993 nunc
282 960 451 1003 diligitur,
468 960 538 993 nisi
554 960 721 1003 conscius,
739 964 774 994 et
791 962 849 994 cu‘i
867 960 1004 996 fervens

66 1005 209 1039 AEstuat
226 1005 372 1040 occultis
389 1006 524 1039 animus
542 1017 743 1050 semperque
761 1007 917 1040 tacendis
931 1006 944 1041 't
1143 1010 1188 1041 50

66 1051 99 1084 N
102 1051 128 1084 il
145 1051 210 1085 tibi
227 1063 262 1085 se
279 1051 403 1085 debere
419 1056 541 1096 putats
551 1052 602 1084 nil
619 1052 773 1085 conferet
790 1063 956 1097 unquam,

67 1096 280 1142 Participem
299 1098 359 1141 qui
377 1101 412 1131 te
429 1097 551 1131 secreti
567 1097 652 1130 fecit
668 1097 805 1131 honesti
821 1110 829 1132 :

67 1143 174 1176 Carus
190 1143 257 1177 erit
275 1143 383 1186 Verri,
401 1143 462 1187 qui
479 1143 623 1176 Verrem
640 1148 804 1188 tempore,
822 1155 891 1188 quo
908 1145 996 1188 vult,

65 1188 239 1223 Accusare
255 1193 379 1233 potest.
427 1189 532 1223 Tanti
548 1189 614 1222 tibi
628 1201 700 1223 non
717 1190 762 1223 sit
778 1191 879 1234 opaci

67 1234 188 1268 Omnis
205 1246 310 1269 arena
327 1234 414 1279 Tagi
430 1235 591 1279 quodque
607 1235 644 1268 in
662 1247 758 1270 mare
773 1236 927 1270 volvitur
943 1247 1079 1280 aurum,

65 1279 116 1314 Ut
133 1292 251 1314 somno
267 1292 383 1315 careas
399 1281 628 1325 ponendaque
643 1281 786 1326 praemia
803 1293 918 1316 sumas

65 1325 188 1360 Tristis
205 1330 241 1360 et
257 1337 278 1360 a
293 1338 420 1371 magno
437 1338 571 1371 semper
587 1328 742 1361 timearis
757 1327 869 1362 amico
883 1330 891 1363 Ξ

113 1372 197 1414 Quae
213 1383 308 1406 nunc
325 1372 494 1406 divitibus
510 1384 595 1417 gens
612 1373 853 1417 acceptissima
868 1374 996 1408 nostris

65 1416 112 1451 Et
129 1429 212 1462 quos
228 1418 402 1463 praecipue
417 1418 562 1462 fugiam,
578 1418 767 1463 properabo
783 1419 897 1463 fateri,

64 1462 139 1497 Nec
155 1463 267 1508 pudor
283 1463 444 1498 obstabit.
490 1464 570 1498 Non
586 1476 726 1509 possum
741 1465 841 1508 ferre,
859 1465 1020 1510 Quirites,
1142 1468 1186 1501 60

67 1509 223 1543 Graecam
239 1509 380 1543 urbem:
405 1511 565 1563 quamvis
582 1514 689 1554 quota
705 1511 817 1555 portio
833 1512 929 1545 faecis
945 1511 1092 1546 Achaei?

0 1587 2 1598 ,
65 1554 92 1588 J
93 1566 150 1589 am
166 1555 302 1600 pridem
318 1555 425 1599 Syrus
441 1567 480 1589 1n
496 1556 648 1590 Tiberim
665 1556 814 1590 defluxit
832 1557 988 1602 Orontes,

0 1611 2 1643 ζ
64 1599 113 1634 Et
127 1600 287 1645 linguam
304 1605 340 1635 et
355 1613 466 1635 mores
484 1606 518 1635 et
531 1613 610 1635 cum
626 1602 770 1637 tibicine
786 1603 932 1638 chordas

0 1653 2 1679 ξ
66 1645 242 1691 Obliquas,
258 1658 323 1681 nec
339 1658 410 1681 non
426 1648 573 1691 gentilia
589 1652 759 1692 tympana
775 1660 892 1683 secum

0 1692 1 1719 ἓ
66 1690 184 1736 Vexit,
200 1697 235 1726 et
252 1693 297 1727 ad
314 1693 451 1727 Circum
463 1695 579 1738 jussas
596 1703 751 1738 prostare
766 1695 911 1740 puellas.

550 1753 561 1766 ⁸
581 1756 682 1777 norunt
