1284 1922
77 91 122 123 28
250 89 292 123 D.
318 88 452 122 JUNII
477 87 743 121 JUVENALIS
769 86 939 121 SATIRA
965 86 1025 120 IV.

77 156 104 189 J
106 167 162 188 am
179 155 311 189 medias
329 155 502 199 aliamque
518 155 656 197 famem,
675 166 783 198 quum
799 155 919 198 pulmo
937 154 1083 188 Falerno

80 201 234 235 Arderet.
283 201 383 234 Nulli
400 202 509 243 major
525 201 594 233 fuit
611 212 694 233 usus
712 201 837 233 edendi

78 246 298 290 Tempestate
314 258 400 280 mea.
451 246 575 279 Circeis
594 249 678 279 nata
694 246 819 289 forent,
837 256 881 279 an
1109 251 1117 260 “
1134 247 1198 278 140
1213 270 1215 273 .

77 291 268 325 Lucrinum
286 292 330 324 acl
348 303 471 325 saxum
491 292 714 335 Rutupinove
731 292 826 325 edita
842 291 952 325 fundo

78 338 209 380 Ostrea,
228 337 376 370 callebat
393 337 504 381 primo
522 337 733 380 deprendere
749 349 867 370 morsu
880 350 889 378 ;

77 382 124 416 Et
141 383 246 416 semel
263 383 397 426 aspecti
410 383 496 416 litus
514 383 650 416 dicebat
668 383 792 416 echini.

77 428 250 471 Surgitur,
268 432 303 461 et
319 429 423 461 misso
440 439 596 472 proceres
614 428 710 461 exire
723 428 894 471 jubentur

78 474 239 515 Concilio,
258 485 342 517 quos
362 474 530 507 Albanam
548 474 621 506 dux
638 485 786 517 magnus
802 474 841 506 in
857 485 968 507 arcem

77 519 245 552 Traxerat
264 520 431 552 attonitos
449 523 484 552 et
500 519 665 552 festinare
683 523 827 558 coactos,

76 565 257 608 Tanquam
275 565 317 597 de
336 565 446 598 Cattis
465 565 599 607 aliquid
617 565 793 607 torvisque
812 563 997 598 Sicambris

75 610 254 653 Dicturus,
272 614 443 652 tanquam
461 610 604 643 diversis
622 610 780 654 partibus
798 610 887 643 orbis

75 656 193 689 Anxia
210 656 383 700 praecipiti
401 656 551 689 venisset
569 656 715 699 epistola
733 656 850 700 pinna.

121 701 238 745 Atque
255 702 392 735 utinam
409 701 463 734 his
480 702 596 745 potius
614 702 717 744 nugis
734 705 809 734 tota
825 702 887 734 illa
904 701 1054 734 dedisset
1131 703 1196 734 150

75 747 244 791 Tempora
261 747 413 789 saevitiae,
432 747 541 780 claras
560 747 685 789 quibus
703 747 850 780 abstulit
866 747 945 780 urbi

75 792 302 835 Illustresque
319 793 452 826 animas
469 793 612 836 impune
629 796 664 825 et
682 793 819 826 vindice
835 793 933 825 nullo
949 795 956 827 !

75 837 142 871 Sed
159 838 272 882 periit,
290 842 473 882 postquam
491 838 693 871 cerdonibus
711 849 782 871 esse
799 838 976 871 timendus

75 883 233 927 Coeperat
247 896 254 918 :
279 884 344 917 hoc
361 884 481 918 nocuit
499 884 700 917 Lamiarum
717 884 811 917 caede
828 884 993 917 madenti.
