1284 1922
96 58 139 92 78
410 57 452 90 D.
470 56 494 90 J
498 55 605 89 UNII
632 55 656 89 J
659 55 896 90 UVENALIS

96 125 127 157 A
145 124 291 158 carbone
308 126 343 156 et
359 122 546 166 forcipibus
563 122 763 166 gladiosque
780 126 926 166 parante

96 170 230 203 Incude
251 173 285 202 et
302 169 397 202 luteo
415 169 573 201 Vulcano
593 168 637 201 ad
653 168 792 201 rhetora
808 169 913 202 misit.

142 215 318 248 Bellorum
335 214 481 256 exuviae,
500 214 634 246 truncis
651 213 756 247 affixa
773 214 911 257 tropaeis

95 261 231 301 Lorica,
249 264 284 293 ct
300 260 413 293 fracta
429 260 472 292 de
489 259 619 292 casside
636 258 784 292 buccula
801 260 965 303 pendens,

95 306 142 339 Et
159 310 297 339 curtum
314 309 450 339 temone
461 306 598 349 jugum,
616 304 786 348 victaeque
803 305 952 338 triremis

95 352 272 395 Aplustre,
290 354 324 384 et
342 362 475 384 summo
493 350 602 383 tristis
620 351 779 393 captivus
795 350 833 383 in
850 362 942 393 arcu,

96 397 272 430 Humanis
289 398 420 440 majora
436 396 534 429 bonis
552 396 739 429 creduntur
755 407 762 429 :
788 396 833 429 ad
850 396 914 428 hoc
932 407 966 428 se

95 442 272 476 Romanus
291 442 482 484 Graiusque
499 452 539 474 ac
556 441 722 474 barbarus
740 441 967 484 induperator

94 488 236 521 Erexit:
262 499 381 521 causas
399 486 606 519 discriminis
623 490 728 529 atque
745 486 870 519 laboris

95 533 183 566 Inde
199 532 333 566 habuit.
382 533 493 565 Tanto
510 533 620 575 major
635 532 739 564 famae
757 532 831 564 sitis
848 535 910 574 est,
928 543 1034 575 quam
1145 534 1211 565 140

96 578 256 612 Virtutis.
305 578 390 618 Quis
407 578 499 611 enim
516 577 684 610 virtutem
701 577 925 621 amplectitur
940 578 1062 621 ipsam,

94 623 243 657 Praemia
261 623 289 656 si
306 623 431 656 tollas?
481 622 636 655 Patriam
654 626 772 655 tamen
789 622 904 656 obruit
921 623 1004 656 olim

95 670 212 703 Gloria
228 680 419 713 paucorum
435 671 471 701 et
488 668 600 701 laudis
617 668 784 711 titulique
801 668 928 711 cupido

95 714 236 748 Haesuri
253 714 345 747 saxis
362 714 517 747 cinerum
535 713 745 756 custodibus,
762 714 807 747 ad
825 725 904 757 quae

93 760 323 794 Discutienda
340 759 458 793 valent
476 759 601 792 sterilis
617 759 710 792 mala
726 759 847 792 robora
863 759 967 793 ficus:

95 805 384 849 Quandoquidem
401 805 484 838 data
501 808 583 837 sunt
599 804 683 847 ipsis
700 816 837 848 quoque
854 805 928 838 fata
946 804 1121 848 sepulcris.

94 850 263 895 Expende
281 850 516 883 Hannibalem
531 862 540 891 ;
566 853 651 892 quot
668 850 773 883 libras
790 851 827 883 in
845 850 932 883 duce
949 862 1083 883 summo

95 896 278 930 Invenies?
303 896 362 929 hic
379 899 430 928 est
447 906 551 938 quem
567 906 636 927 non
654 895 748 939 capit
765 895 884 929 Africa
901 895 1025 929 Mauro

94 941 261 975 Percussa
279 941 414 975 Oceano
431 941 580 984 Niloque
597 940 737 974 admota
753 941 897 985 tepenti,

94 987 227 1021 Rursus
244 987 288 1020 ad
305 987 511 1031 AEthiopum
528 986 671 1030 populos
689 986 844 1030 altosque
861 986 1072 1031 elephantos,
1143 988 1210 1019 150

94 1033 248 1066 Additur
264 1032 418 1076 imperiis
436 1032 627 1075 Hispania:
654 1031 861 1074 Pyrenaeum

94 1078 271 1112 Transilit.
321 1078 490 1122 Opposuit
506 1080 634 1111 natura
650 1077 843 1121 Alpemque
860 1077 1064 1122 nivemque:

94 1121 239 1157 Diducit
257 1123 412 1167 scopulos
430 1127 464 1156 et
481 1126 635 1155 montem
651 1123 785 1166 rumpit
802 1127 909 1156 aceto.

93 1169 119 1202 J
121 1181 178 1202 am
194 1172 291 1202 tenet
310 1168 468 1201 Italiam:
494 1172 613 1201 tamen
629 1168 723 1201 ultra
739 1180 881 1211 pergere
897 1168 1013 1202 tendit
1028 1180 1035 1201 :

96 1213 289 1257 “Actum‚”
306 1213 431 1257 inquit,
452 1216 471 1229 “
482 1214 571 1247 nihil
588 1218 649 1255 est,
667 1213 735 1246 nisi
752 1213 857 1246 Poeno
874 1213 986 1246 milite
1002 1215 1118 1257 portas

96 1260 305 1303 Frangimus
322 1263 358 1292 et
374 1259 489 1292 media
505 1260 674 1293 vexillum
691 1270 780 1303 pono
798 1258 984 1292 Suburra.”

95 1305 139 1347 (O
157 1303 269 1347 qualis
287 1303 393 1336 facies
410 1306 445 1336 et
462 1302 558 1346 quali
577 1302 684 1345 digna
701 1303 840 1345 tabella,

94 1350 211 1390 Quum
229 1348 366 1382 Gaetula
383 1348 507 1381 ducem
524 1351 678 1391 portaret
694 1347 810 1382 bellua
826 1349 963 1382 luscum
974 1348 999 1392 !)

92 1394 220 1428 Exitus
238 1405 317 1437 ergo
335 1393 412 1437 quis
430 1393 505 1426 est?
548 1393 575 1426 O
593 1393 722 1436 gloria!
750 1394 903 1427 vincitur
919 1395 1013 1427 idem

92 1440 226 1483 Nempe
243 1443 277 1473 et
294 1439 331 1472 in
349 1439 511 1472 exsilium
528 1449 678 1482 praeceps
695 1439 797 1482 fugit,
814 1443 919 1483 atque
936 1439 985 1473 ibi
1001 1451 1149 1483 magnus

92 1485 343 1528 Mirandusque
360 1484 466 1518 cliens
484 1484 580 1517 sedet
596 1484 640 1517 ad
658 1485 820 1527 praetoria
836 1485 936 1529 regis,
1140 1487 1207 1519 160

91 1530 209 1564 Donec
227 1531 381 1574 Bithyno
397 1529 504 1562 libeat
521 1529 664 1572 vigilare
681 1534 839 1573 tyranno.

91 1576 215 1609 Finem
231 1576 365 1617 animae,
384 1586 459 1618 quae
476 1586 529 1607 res
546 1575 717 1609 humanas
733 1576 873 1609 miscuit
890 1576 982 1618 olim,

89 1620 169 1654 Non
186 1621 304 1664 gladii,
321 1632 390 1654 non
408 1631 492 1654 saxa
509 1620 653 1663 dabunt,
670 1632 733 1654 nec
750 1621 839 1663 tela;
864 1622 923 1655 sed
939 1622 999 1655 ille

91 1666 287 1700 Cannarum
304 1666 433 1700 vindex
450 1670 485 1699 et
502 1666 593 1700 tanti
611 1667 788 1710 sanguinis
804 1667 906 1709 ultor,

89 1712 260 1747 Annulus.
302 1712 329 1756 Ι,
348 1712 497 1756 demens,
514 1716 550 1745 et
567 1723 672 1747 saevas
690 1724 788 1747 curre
804 1724 867 1757 per
881 1713 997 1757 Alpes,
