1284 1922
93 83 137 115 16
412 80 454 114 D.
472 80 609 114 JUNII
627 80 894 115 JUVENALIS

92 145 148 180 Ite
165 146 291 191 quibus
308 150 411 191 grata
428 150 480 180 est
497 147 594 192 picta
611 147 695 191 lupa
711 147 859 180 barbara
877 147 983 181 mitra
999 148 1006 181 l

92 192 256 226 Rusticus
274 193 332 226 ille
349 197 430 226 tuus
448 193 555 226 sumit
573 193 808 237 trechcdipna,
828 193 986 237 Quirine,

90 237 139 271 Et
156 239 360 272 ceromatico
377 239 445 272 fert
462 239 627 272 niceteria
644 239 740 273 00110.

91 283 162 317 Η10
179 285 252 318 alta
269 284 424 327 Sicyone,
439 288 493 318 ast
510 285 568 317 1110
585 284 767 328 Amydone
783 284 916 327 relicta,
1169 286 1179 292 “

90 329 162 363 Hic
180 330 306 371 Andro,
323 330 384 363 ille
402 330 512 373 Samo,
530 330 587 363 hic
604 330 777 363 Trallibus
795 334 857 363 aut
875 329 1076 375 Alabandis,
1173 331 1216 365 70

91 375 264 419 Esquilias
282 376 485 420 dictumque
501 380 628 420 petunt
646 387 666 409 a
683 376 813 409 vimine
831 376 963 418 collem,

92 420 233 455 Viscera
249 433 458 465 magnarum
475 422 642 455 domuum
660 421 861 465 dominique
878 422 1002 456 futuri.

92 466 280 510 Ingenium
297 468 407 511 velox,
425 467 573 501 audacia
589 467 736 511 perdita,
755 478 865 500 sermo

91 512 253 547 Promtus
270 517 305 547 et
323 513 408 546 Isaeo
426 513 621 546 torrentior.
670 513 754 555 Ede,
772 513 857 556 quid
874 512 977 545 illum

91 558 174 592 Esse
191 563 293 603 putes
308 559 319 592 2
345 570 448 603 quem
465 559 517 592 vis
534 559 719 601 hominem,
738 569 854 591 secum
871 558 994 591 attulit
1011 558 1055 592 ad
1072 570 1132 592 nos
1149 571 1156 593 z

92 604 357 648 Grammaticus,
374 605 502 647 rhetor,
519 607 719 648 geometres,
737 604 858 648 pictor,
876 604 1011 647 aliptes,

91 650 224 693 Augur,
243 650 489 693 schoenobates,
506 650 671 692 medicus,
688 661 811 692 magus
825 661 832 683 z
858 650 974 683 omnia
989 650 1096 684 novit.

92 696 271 729 Graeculus
288 696 441 730 esuriens
459 696 495 728 in
513 696 649 738 coelum,
662 695 815 739 jusseris,
833 695 907 728 ibit.

91 742 146 775 Ad
165 753 345 785 summam,
356 753 426 775 non
443 741 588 774 Maurus
606 746 680 774 erat
697 752 810 784 neque
827 741 986 774 Sarmata
1002 752 1066 774 nec
1083 741 1212 782 Thrax,

92 787 160 828 Qui
178 788 302 821 sumsit
319 798 460 832 pennas,
477 787 600 820 mediis
618 787 676 820 sed
693 790 798 819 natus
815 786 973 820 Athenis.
1168 790 1212 821 80

92 833 229 866 Horum
246 845 308 877 ego
324 845 395 866 non
411 833 546 876 fugiam
563 832 767 875 conchylia?
792 844 847 865 me
865 832 958 876 prior
974 832 1034 865 ille

91 879 252 922 Signabit
269 880 280 912 ¹2
305 879 486 923 fultusque
502 882 577 912 toro
593 878 733 911 meliore
750 878 929 911 recumbet

91 925 267 958 Advectus
286 925 441 967 Romam,
460 935 526 968 quo
544 935 657 968 pruna
674 931 708 956 et
726 927 867 957 cottana
884 926 988 957 vento
1005 923 1017 957 2

92 971 209 1014 Usque
226 971 311 1004 adeo
328 970 417 1003 1111111
435 974 496 1012 est,
515 970 606 1014 quod
623 973 740 1002 nostra
757 969 908 1002 infantia
925 969 1051 1002 coelum

92 1016 222 1049 Hausit
240 1016 406 1049 Aventini
417 1017 442 1055 b,
472 1015 578 1049 bacca
595 1016 731 1048 nutrita
748 1015 877 1048 Sabina
895 1015 907 1048 ’ἔ

92 1062 182 1103 Quid
197 1062 209 1096 2
235 1062 327 1106 quod
344 1061 512 1095 adulandi
528 1073 611 1104 gens
629 1061 899 1104 prudentissima
915 1060 1038 1094 laudat

91 1107 290 1141 Sermonem
306 1107 448 1147 indocti,
465 1107 590 1140 faciem
608 1106 769 1139 deformis
787 1106 900 1149 amici,

90 1153 137 1187 Et
153 1154 298 1197 longum
315 1152 462 1185 invalidi
479 1152 607 1185 collum
624 1151 813 1185 cervicibus
832 1154 946 1195 aequat

91 1199 264 1242 Herculis,
282 1199 446 1232 Antaeum
462 1198 583 1242 procul
600 1209 621 1231 a
637 1198 763 1231 tellure
780 1197 941 1239 tenentis,

90 1245 242 1278 Miratur
258 1256 377 1278 vocem
394 1248 590 1287 angustam,
608 1255 676 1287 qua
694 1243 845 1276 deterius
862 1254 926 1276 nec
1166 1247 1210 1278 90

91 1291 157 1324 Ille
174 1294 282 1333 sonat,
301 1302 368 1334 quo
385 1290 562 1323 mordetur
579 1289 711 1332 gallina
727 1289 863 1322 marito.

90 1336 177 1370 Haec
195 1337 316 1370 eadem
332 1336 415 1369 licet
432 1339 467 1368 et
483 1335 580 1368 nobis
598 1334 741 1368 laudare
757 1346 764 1367 :
790 1334 849 1367 sed
866 1334 936 1367 illis

91 1382 260 1416 Creditur.
308 1381 365 1414 An
381 1381 511 1424 melior,
530 1392 639 1425 quum
656 1379 789 1413 Thaida
807 1380 963 1423 sustinet,
981 1383 1043 1413 aut
1061 1392 1171 1424 quum

90 1428 243 1461 Uxorem
260 1427 433 1461 comoedus
450 1427 524 1470 agit
541 1427 597 1460 vel
613 1426 743 1459 Dorida
760 1426 856 1459 nullo

91 1474 230 1507 Cultam
246 1472 386 1517 palliolo
403 1473 415 1506 2
463 1472 593 1505 Mulier
610 1483 734 1515 nempe
750 1472 825 1515 ipsa
844 1470 995 1514 videtur,

89 1519 169 1553 Non
186 1531 331 1564 persona
348 1518 442 1562 loqui
459 1530 466 1551 :
492 1529 602 1551 vacua
619 1521 654 1551 ct
671 1518 777 1562 plana
793 1517 908 1550 omnia
925 1517 1019 1550 dicas

90 1565 189 1598 Infra
205 1564 442 1598 ventriculum
459 1567 494 1597 et
511 1564 610 1597 tenui
628 1563 796 1596 distantia
812 1563 908 1596 rima.

88 1611 123 1644 N
124 1622 162 1644 ec
180 1614 297 1644 tamen
315 1609 518 1649 Antiochus,
535 1621 599 1642 nec
616 1610 682 1642 erit
698 1606 865 1642 mirabilis
883 1608 955 1641 illic

88 1656 163 1690 Aut
181 1656 366 1690 Stratocles
383 1659 445 1688 aut
463 1667 543 1688 eum
559 1655 657 1688 molli
673 1654 869 1688 Demetrius
887 1654 1008 1688 Haemo
1023 1665 1029 1686 :

88 1702 193 1736 Natio
211 1701 364 1736 comoeda
381 1705 441 1734 est.
491 1701 606 1745 Rides,
623 1702 773 1745 majorec
791 1699 961 1734 cachinno
1141 1703 1206 1734 100

347 1758 358 1775 ι’
379 1759 542 1784 Aventinum
795 1758 806 1769 ⁰
826 1757 938 1783 meliore
