1284 1922
247 302 296 337 D.
326 301 512 337 JUNII
558 300 945 338 JUVENALIS

131 433 1073 491 SATIRARUM

379 585 547 619 LIBER
580 585 836 627 QUINTUS.

513 702 686 713 mmm

464 774 634 810 SATIRA
658 775 761 809 XIII.

50 856 231 891 Exmmo
250 855 479 901 quodcunque
495 856 587 889 malo
604 855 845 898 committitur,
863 854 931 899 ipsi

50 902 224 947 Displicet
241 902 384 936 auctori.
426 902 544 935 Prima
563 906 615 935 est
631 902 707 935 haec
726 901 824 943 ultio,
844 900 934 944 quod
954 911 989 933 se

51 949 77 983 J
80 949 182 982 udice
198 960 299 981 nemo
316 959 444 981 nocens
461 947 660 990 absolvitur,
679 947 836 991 improba
853 946 1013 990 quamvis

0 1031 1 1034 Ἴ
54 995 175 1030 Gratia,
192 994 310 1028 fallaci
327 994 488 1027 Praetoris
505 993 628 1026 vicerit
646 1005 742 1026 urna.

54 1041 147 1083 Quid
165 1040 292 1073 sentire
310 1044 413 1083 putas
431 1051 557 1082 omncs,
577 1039 728 1082 Calvino,
745 1037 878 1071 recenti

53 1087 108 1121 De
125 1086 252 1119 scelere
270 1091 305 1119 et
321 1086 403 1118 fidei
420 1085 558 1118 violatae
577 1084 744 1118 crimine?
786 1084 852 1117 Sed
869 1094 934 1116 nec

55 1133 141 1166 Tam
159 1132 274 1165 tenuis
292 1142 415 1164 census
433 1131 497 1163 tibi
515 1131 672 1173 contigit,
690 1134 731 1163 ut
747 1130 930 1162 mediocris

56 1179 82 1212 J
84 1183 216 1212 acturae
233 1182 268 1210 te
285 1183 420 1219 mergat
437 1188 523 1209 onus
539 1188 545 1209 :
571 1187 635 1209 nec
651 1187 730 1209 rara
746 1176 915 1218 videmus,

59 1225 144 1266 Quae
161 1224 299 1268 pateris.
341 1223 446 1255 Casus
464 1222 584 1255 multis
602 1222 658 1254 hic
676 1222 846 1265 cognitus,
865 1232 905 1254 ac
917 1222 995 1265 jam

58 1271 185 1312 TrituS,
203 1274 238 1303 et
255 1280 273 1302 e
290 1268 403 1301 medio
420 1269 570 1301 fortunae
588 1268 714 1300 ductus
731 1279 862 1301 acervo.
1136 1267 1180 1299 10

59 1316 234 1350 Ponamus
250 1315 375 1347 nimios
393 1314 562 1357 gemitus:
588 1314 792 1356 flagrantior
809 1324 906 1356 aequo

60 1362 141 1395 Non
159 1361 261 1394 debet
278 1360 375 1393 dolor
391 1371 463 1392 esse
480 1360 556 1401 viri,
573 1371 637 1392 nec
655 1359 799 1392 vulnere
815 1360 934 1402 major.

62 1408 116 1441 Tu
133 1407 292 1451 quamvis
309 1406 439 1439 levium
454 1405 637 1438 minimam
655 1405 887 1447 exiguamque
904 1403 1075 1437 malorum

63 1453 279 1487 Particulam
296 1452 357 1485 vix
374 1452 462 1484 ferre
480 1455 586 1494 potes,
605 1450 848 1494 spumantibus
866 1449 989 1482 ardens

65 1498 274 1541 Visceribus,
292 1509 430 1530 sacrum
447 1497 512 1530 tibi
530 1496 621 1540 quod
639 1508 708 1529 non
725 1495 849 1528 reddat
866 1496 999 1528 amicus

64 1543 294 1589 Depositum?
321 1547 439 1587 stupet
456 1543 541 1584 haec,
559 1542 619 1586 qui
630 1543 705 1586 jam
722 1545 801 1586 post
818 1545 917 1585 terga
933 1541 1077 1585 reliquit

66 1591 258 1633 Sexaginta
275 1600 391 1631 annos,
410 1589 554 1621 Fonteio
574 1588 721 1621 Consule
737 1586 865 1620 natus?

68 1636 125 1670 An
141 1635 230 1669 nihil
247 1636 283 1668 in
299 1635 425 1668 melius
442 1639 495 1667 tot
512 1645 627 1666 rerum
644 1633 780 1678 proficis
796 1632 886 1666 usu?

70 1682 203 1725 Magna
219 1681 368 1725 quidem,
387 1681 491 1713 sacris
509 1690 585 1723 quae
604 1680 664 1712 dat
681 1683 854 1723 praecepta
871 1678 1008 1723 libellis,

71 1727 210 1762 Victrix
226 1727 374 1760 fortunae
391 1726 580 1772 sapientia:
607 1725 766 1759 ducimus
782 1728 902 1759 autem
1143 1725 1190 1756 20
