1284 1922
99 69 143 101 36
408 65 450 99 D.
477 64 609 99 JUNH
643 63 908 98 JUVENALIS

99 133 207 166 Vivat
224 132 382 166 Fidenis:
409 136 443 165 et
461 132 584 175 agello,
602 131 695 174 cedo,
713 134 868 174 paterno.

100 179 184 219 Quis
201 183 320 212 tamen
337 178 496 220 affirmat,
514 177 566 210 nil
583 181 702 210 actum
717 177 755 209 in
771 175 948 209 montibus
965 178 1027 209 aut
1044 175 1080 208 in

98 224 302 268 Speluncis?
343 224 439 256 Adeo
457 226 649 256 senuerunt
666 222 810 266 Jupiter
827 226 862 254 et
879 221 999 254 Mars?

122 236 385 303 pPorticibusne
402 269 467 302 tibi
483 272 699 301 monstratur
715 268 846 300 femina
863 271 942 300 voto
1175 268 1220 301 60

97 315 214 359 Digna
231 315 314 348 tuo?
358 315 482 348 Cuneis
500 326 545 347 an
562 314 692 346 habent
711 312 909 357 spectacula
925 312 1021 355 totis,

98 361 197 401 Quod
214 372 354 394 securus
373 372 465 393 ames
483 360 643 404 quodque
660 359 742 392 inde
759 370 942 401 excerpere
959 357 1093 402 possis?

98 407 328 439 Chironomon
346 406 475 439 Ledam
491 405 589 438 molli
606 405 756 438 saltante
773 404 948 447 Bathyllo,

96 452 225 485 Tuccia
242 452 362 486 vesicae
379 463 450 484 non
466 452 633 494 imperat·
626 479 634 491 ‚
659 450 801 494 Appula
818 450 952 492 gannit,

99 497 198 532 Sicut
214 498 252 531 in
270 498 456 542 amplexu3
481 496 637 529 subitum
654 500 689 528 et
705 495 921 528 miserabile:
949 495 1093 538 longum

95 543 259 576 Attendit
277 543 463 595 Thymele3
488 542 674 585 Thymelea
690 545 777 574 tunc
793 541 926 574 iustica
942 540 1054 574 discit.

95 590 159 622 Ast
176 589 264 632 aliae,
283 588 416 633 quoties
434 588 546 621 aulaea
561 587 739 620 recondita
756 590 900 630 cessant,

96 634 143 668 Et
159 646 269 668 vacuo
287 635 472 677 clausoque
491 638 615 666 sonant
632 633 707 665 fora
724 632 796 665 sola
813 632 961 675 theatro,

94 680 212 724 Atque
232 691 253 713 a
269 680 412 724 plebeiis
429 679 531 722 longe
549 678 713 721 Megales
689 690 748 720 la,
766 678 882 711 tristes

95 725 161 758 Per
163 737 282 759 sonam
299 726 527 768 thyrsumque
545 727 667 757 tenent
684 727 719 756 et
737 723 891 766 subligar
908 722 1003 757 Acci.
1173 724 1216 758 70

95 771 243 804 Urbicus
261 771 383 804 exodio
399 770 508 802 risum
524 773 641 802 movet
659 750 850 801 Atellanaeo

95 816 255 850 Gestibus
273 818 465 849 Autonoes:
492 815 587 848 hunc
604 815 722 857 diligit
739 815 833 847 AElia
849 825 990 858 pauper.

95 861 249 895 Solvitur
266 862 320 894 his
337 873 464 904 magno
482 861 627 894 comoedi
643 860 769 893 fibula:
795 864 878 892 sunt
895 871 972 903 quae

93 907 354 951 Chrysogonum
371 911 514 940 cantare
531 910 669 939 vetent:
697 905 861 949 Hispulla
878 905 1034 948 tragoedo

94 953 240 986 Gaudet.
281 954 336 986 An
354 956 543 996 exspectas,
560 955 601 984 ut
619 951 858 992 Quintilianus
876 951 1034 984 ametur?

92 998 231 1043 Accipis
248 1009 401 1040 uxorem,
420 998 462 1031 de
480 1009 549 1041 qua
566 997 778 1030 citharoedus
795 996 929 1029 Echion

93 1044 167 1077 Aut
186 1044 384 1087 Glaphyrus
401 1044 463 1076 fiat
480 1047 589 1086 pater,
608 1042 878 1085 Amblosiusque
895 1041 1085 1076 choraules.

90 1088 111 1106 “
123 1088 242 1132 Longa
259 1101 320 1133 pei
335 1092 500 1132 angustos
517 1089 664 1131 figamus
681 1089 819 1132 pulpita
836 1088 953 1130 vicos;

91 1133 266 1167 Ornentur
283 1138 397 1177 postes
415 1137 450 1166 et
466 1135 617 1175 g1andi
603 1145 713 1176 1anua
730 1132 860 1175 Iauro,’

91 1176 140 1210 Ut
156 1178 353 1210 testudineo
371 1177 446 1220 tibi,
465 1160 621 1219 Lentule,
640 1187 789 1220 conopeo
1166 1180 1212 1212 80

89 1220 223 1255 Nobilis
241 1223 434 1266 Euryalum
451 1222 697 1254 mirmillonem
714 1222 887 1265 exprimat
904 1221 1029 1256 infans.

136 1268 259 1312 Nupta
276 1268 435 1302 Senatoii
452 1268 618 1301 comitata
636 1270 687 1300 est
706 1267 840 1310 Hippia
856 1267 994 1301 ludium

88 1312 144 1345 Ad
162 1313 301 1347 Pharon
318 1318 353 1347 et
370 1313 491 1346 Nilum
508 1313 708 1356 famosaque
725 1313 853 1345 moenia
869 1313 965 1356 Lagi,

89 1357 254 1402 Prodigia
270 1363 305 1392 et
321 1370 431 1392 mores
448 1358 543 1391 urbis
561 1358 750 1391 damnante
769 1358 915 1402 Canopo.

89 1404 276 1437 Immemor
292 1405 353 1437 illa
370 1405 502 1446 domus,
521 1407 555 1437 et
569 1404 726 1447 conjugis
744 1408 850 1447 atque
867 1404 999 1447 sororis,

86 1448 147 1482 Nil
165 1450 289 1493 patriae
306 1450 464 1492 indulsit,
483 1449 727 1493 plorantesque
743 1449 899 1493 improba
915 1453 1025 1493 natos,

87 1494 206 1538 thue
222 1495 333 1538 magis
351 1499 500 1538 stupeas,
519 1495 619 1527 ludos
637 1494 867 1538 Paridemque
883 1495 1035 1539 reliquit.

86 1539 153 1573 Sed
171 1551 372 1583 quanquam
389 1541 426 1572 in
443 1540 579 1583 magnis
596 1539 728 1583 opibus,
745 1539 934 1584 plumaque
951 1544 1111 1585 paterna,

86 1585 132 1617 Et
151 1586 376 1628 segmentatis
394 1586 574 1618 dormisset
592 1586 740 1629 parvula
757 1586 865 1629 cunis,

87 1631 278 1664 Contemsit
295 1631 438 1675 pelagus
454 1643 460 1664 :
485 1631 616 1664 famam
633 1635 862 1665 contemserat
879 1631 972 1674 olim,
1158 1635 1204 1666 90

88 1675 193 1719 Cujus
210 1676 305 1720 apud
322 1677 441 1710 molles
458 1677 604 1709 minima
621 1680 673 1709 est
685 1678 826 1720 jactura
843 1677 1034 1712 cathedras.

446 1741 457 1752 ι
476 1734 630 1765 Thymelen
639 1741 645 1764 ;
666 1733 820 1765 Thymelen
