1284 1922
93 75 140 110 98
433 73 475 108 D.
500 73 635 108 JUNII
660 73 925 109 JUVENALIS

93 142 168 186 Isis,
187 146 221 177 et
237 142 326 176 irato
339 141 442 175 feriat
458 153 535 175 mea
551 141 686 175 lumina
703 142 812 184 sistro,

92 188 289 222 Dummodo
306 188 362 221 vel
379 199 489 220 caecus
507 191 655 230 teneam,
673 199 757 231 quos
775 187 917 231 abnego,
935 199 1105 222 nummos.

92 234 139 268 Et
157 234 312 267 Phthisis
329 237 364 267 et
382 233 524 266 vomica}⁴
541 237 661 277 putres
679 237 714 266 et
731 234 917 266 dimidium
935 245 1013 266 crus

93 279 183 313 Sunt
200 279 315 313 tanti?
356 279 494 323 Pauper
510 279 720 322 locupletem
737 283 856 323 optare
874 279 1064 323 podagram

92 325 166 359 Nec
184 325 322 359 dubitet
339 325 460 366 Ladas,
479 324 507 357 si
523 336 593 357 non
611 329 689 368 eget
709 325 879 368 Anticyra
895 336 960 358 nec

92 371 299 414 Archigene.
341 370 433 412 Quid
452 370 543 404 enim
561 371 687 404 velocis
704 370 814 414 gloria
831 370 961 414 plantae

94 416 252 460 Praestat,
271 420 306 450 et
323 416 476 450 esuriens
494 416 610 448 Pisaeae
628 427 745 449 ramus
762 416 883 450 olivae?

94 462 143 496 Ut
160 462 205 496 sit
221 474 359 506 magna,
376 465 495 495 tamen
512 465 604 495 certe
621 462 718 495 lenta
735 461 787 495 ira
804 462 956 495 Deorum
974 465 1034 496 est.
1148 464 1213 495 100

94 508 132 542 Si
149 512 272 542 curant
289 509 399 551 igitur
416 511 558 541 cunctos
576 508 699 550 punire
716 511 889 550 nocentes,

96 554 243 595 Quando
260 554 305 588 ad
322 565 377 586 me
394 552 560 586 venient?
587 553 645 585 sed
663 556 698 586 et
715 553 889 586 exorabile
905 564 1036 587 numen

95 599 253 633 Fortasse
270 599 445 643 experiar:
472 598 557 631 solet
574 598 628 631 his
645 598 830 641 ignoscere.
875 598 984 632 Multi

95 645 329 679 Committunt
347 644 467 678 eadem
485 644 618 678 diverso
636 644 782 678 crimina
798 645 889 678 fato:

97 691 163 725 Ille
181 702 319 724 crucem
337 690 472 723 sceleris
490 690 642 734 pretium
659 690 752 733 tulit⁷
770 690 826 723 hic
844 690 1035 724 diadema.”

96 736 153 770 Sic
170 737 327 770 animum
345 736 428 769 dirae
445 736 622 779 trepidum
638 736 823 769 formidine
841 736 951 780 culpae

97 782 318 816 Confirmant.
360 782 458 815 Tunc
475 785 510 814 te
527 793 624 814 sacra
640 782 684 814 ad
702 781 845 815 delubra
863 785 1045 815 vocantem

96 828 274 870 Praecedit,
292 827 429 861 trahere
446 827 550 860 immo
569 827 659 860 ultro
676 839 716 860 ac
733 839 861 861 vexare
878 832 1029 871 paratus.

97 874 188 907 Nam
206 885 315 918 quum
330 884 460 915 magna
475 872 575 905 malae
593 876 747 916 superest
766 873 912 906 audacia
929 885 1051 916 causae,

98 919 258 953 Creditur
275 931 295 953 a
310 919 432 951 multis
448 918 585 952 fiducia.
626 918 776 951 Mimum
794 919 868 962 agit
886 919 955 962 ille,
1149 921 1214 952 110

98 965 231 998 Urbani
248 964 387 1009 qualem
403 964 576 1007 fugitivus
595 975 710 997 scurra
728 964 875 998 Catulli:

97 1011 150 1044 Tu
167 1011 271 1044 miser
288 1010 470 1051 exclamas,
488 1014 528 1043 ut
546 1009 707 1043 Stentora
724 1010 861 1044 vincere
878 1010 995 1054 possis⁷

99 1056 164 1090 Vel
181 1056 306 1100 potius,
326 1059 498 1099 quantum
517 1055 687 1088 Gradivus
706 1056 929 1090 Homericus:
959 1063 979 1077 “
991 1061 1109 1100 Audis,

98 1102 250 1146 Jupiter,
268 1102 352 1144 haec,
370 1112 433 1134 nec
450 1100 547 1134 labra
563 1112 689 1143 moveS‚
708 1112 816 1144 quum
832 1101 971 1135 mittere
988 1113 1107 1136 vocem

99 1147 276 1181 Debueras
293 1147 348 1180 vel
364 1158 575 1180 marmoreus
593 1147 648 1179 vel
665 1147 840 1181 aheneus?
866 1151 929 1182 aut
946 1158 1008 1181 cur

100 1193 142 1226 In
160 1193 305 1226 carbone
322 1195 382 1225 tuo
400 1192 521 1225 charta
537 1192 595 1235 pia
613 1192 717 1226 thura
734 1193 847 1226 soluta

99 1238 275 1280 Ponimus,
293 1241 328 1271 et
346 1241 478 1270 sectum
495 1237 599 1271 vituli
612 1239 712 1280 jecur
728 1238 876 1282 albaque
892 1238 988 1282 porci

99 1283 270 1317 Omenta?
312 1283 361 1316 Ut
377 1283 487 1326 video,
505 1283 643 1315 nullum
660 1283 844 1317 discrimen
861 1284 1061 1318 habendum
1077 1287 1130 1318 est

99 1329 240 1373 Effigies
256 1329 347 1362 inter
365 1332 495 1362 vestras
513 1332 733 1372 statuamque
751 1329 926 1372 Vagelli.”

146 1375 275 1418 Accipe
292 1385 370 1418 quae
389 1378 508 1407 contra
525 1374 640 1407 valeat
657 1375 779 1408 solatia
795 1376 894 1418 ferre,
1150 1378 1214 1410 120

99 1421 146 1454 Et
162 1421 223 1464 qui
239 1432 303 1454 nec
321 1420 475 1463 Cynicos,
493 1431 555 1452 nec
573 1419 688 1453 Stoica
705 1420 868 1464 dogmata
884 1421 969 1465 legit

99 1467 131 1500 A
149 1466 285 1510 Cynicis
303 1466 423 1499 tunica
441 1465 617 1507 distantia,
635 1477 704 1499 non
722 1466 912 1510 Epicurum

101 1512 254 1555 Suspicit
271 1511 390 1555 exigui
408 1511 528 1543 laetum
545 1512 763 1554 plantaribus
780 1512 882 1545 horti.

101 1558 274 1591 Curentur
292 1557 389 1590 dubii
406 1556 548 1589 medicis
564 1558 751 1600 majoribus
768 1558 867 1601 aegri:

99 1602 152 1636 Tu
169 1613 295 1636 venam
311 1602 366 1635 vel
384 1602 553 1646 discipulo
571 1603 748 1636 committe
766 1603 930 1647 Philippi.

100 1647 137 1682 Si
153 1648 292 1681 nullum
308 1647 345 1680 in
362 1647 461 1680 terris
479 1652 552 1681 tam
569 1649 772 1682 detestabile
788 1649 921 1682 factum

102 1693 272 1736 Ostendis,
289 1697 405 1733 taceo3
430 1704 493 1726 nec
511 1694 638 1737 pugnis
655 1694 784 1728 caedere
801 1700 921 1738 pectus

100 1738 148 1774 Te
165 1742 252 1782 veto,
270 1750 333 1773 nec
350 1739 456 1784 plana
472 1739 597 1773 faciem
614 1740 823 1774 contundere
840 1741 967 1784 palma,
