1284 1922
431 66 602 102 SATIRA
626 67 723 103 XIV.

45 132 273 180 Exiguusque
290 135 396 179 cibus,
413 148 526 170 mersa
542 141 617 171 rate
634 138 826 181 naufragus
843 147 954 171 assem

46 180 138 214 Dum
154 186 263 225 rogat,
282 187 317 216 et
334 182 428 226 picta
446 194 480 216 se
498 186 705 227 tempestate
723 187 850 216 tuetur.

91 227 213 260 Tantis
230 232 331 272 parta
347 228 448 261 malis
465 239 549 262 eura
565 230 694 273 majore
710 233 877 272 metuque

44 271 244 307 Servantur.
292 273 422 307 Misera
439 278 490 307 est
507 275 626 317 magni
644 275 801 308 custodia
818 286 950 310 census.

44 318 230 362 Dispositis
247 319 416 364 praedives
434 319 546 353 hamis
563 320 708 363 vigilare
725 320 901 354 cohortem

44 363 229 398 Servorum
246 369 352 399 noctu
369 365 510 398 Licinus
523 365 635 409 jubet,
653 366 825 399 attonitus
842 377 904 410 pro

44 408 182 444 Electro
200 411 375 455 signisque
393 412 463 445 suis
481 411 704 456 Phrygiaque
722 412 892 454 columna,

45 456 161 500 Atque
178 456 278 490 ebore
295 462 330 490 et
346 457 420 491 lata
437 457 622 491 testudine.
669 457 772 491 Dolia
789 457 877 491 nudi

44 500 124 535 Non
141 502 265 536 ardent
282 503 420 546 Cynici:
447 503 475 536 si
492 503 645 546 fregeris,
663 503 773 536 altera
789 503 850 536 fiet

45 547 127 581 Cras
145 548 275 592 domus,
293 553 355 582 aut
373 549 493 582 eadem
510 548 653 592 plumbo
671 549 852 582 commissa
868 549 1024 583 manebit

44 592 160 627 Sensit
177 593 385 638 Alexander,
404 599 494 628 testa
512 606 619 638 quum
637 595 726 628 vidit
743 595 780 627 in
797 595 860 628 illa

44 638 216 683 Magnum
233 640 475 683 habitatorem,
493 644 624 685 quanto
640 640 773 674 felicior
790 640 856 683 hic,
875 641 936 684 qui

43 684 105 718 Nil
122 690 272 730 cuperet,
291 697 395 730 quam
413 687 473 730 qui
491 690 605 719 totum
622 686 686 719 sibi
704 690 858 730 posceret
874 687 1002 730 orbem,

44 729 213 764 Passurus
230 732 336 775 gestis
355 732 524 776 aequanda
541 732 695 776 pericula
711 732 822 765 rebus.

0 775 2 794 ²
44 775 191 810 Nullum
208 788 339 810 numen
356 777 462 821 abest,
481 778 509 810 si
526 779 572 810 sit
590 777 798 811 Prudentia:
824 789 885 811 nos
903 781 948 821 te,

44 821 116 856 Nos
133 823 291 866 facimus,
309 823 477 866 Fortuna,
494 823 613 857 Deam.
662 823 829 857 Mensura
847 828 965 857 tamen
983 835 1061 867 quae

45 867 204 902 Sufficiat
221 880 354 911 census,
372 869 400 903 si
418 870 496 913 quis
512 881 568 902 me
585 869 754 912 consulat,
773 870 892 903 edam:

45 913 88 947 In
106 919 280 958 quantum
297 915 372 949 sitis
389 920 495 959 atque
511 916 620 948 fames
637 920 673 948 et
689 916 818 958 frigora
835 919 991 959 poscunt,

45 959 236 1003 Quantum,
255 961 414 1004 Epicure,
432 961 498 994 tibi
515 961 633 1004 parvis
651 961 787 994 suffecit
804 961 841 993 in
859 961 978 1004 hortis,

46 1005 226 1047 Quantum
243 1005 409 1040 Socratici
426 1010 593 1050 ceperunt
611 1011 692 1039 ante
710 1010 862 1050 penates.

43 1051 237 1095 Nunquam
254 1052 350 1085 aliud
368 1052 513 1095 Natura,
532 1052 628 1085 aliud
646 1052 825 1096 Sapientia
843 1052 937 1086 dicit.

91 1097 238 1130 Acribus
256 1098 424 1142 exemplis
441 1098 559 1132 videor
576 1102 611 1131 te
628 1098 798 1132 claudere.
847 1098 956 1131 Misce

45 1143 137 1187 Ergo
154 1143 289 1187 aliquid
306 1144 432 1177 nostris
450 1144 492 1178 de
509 1143 680 1177 moribus:
707 1143 802 1177 effice
820 1155 1001 1187 summam,

45 1189 106 1222 Bis
123 1194 257 1233 septem
273 1190 452 1223 ordinibus
469 1201 574 1233 quam
591 1189 649 1222 lex
667 1189 835 1232 dignatur
853 1189 1008 1223 Othonis.

47 1234 134 1268 Haec
151 1247 288 1280 quoque
305 1235 334 1269 si
350 1247 475 1279 rugam
492 1235 603 1268 trahit
620 1235 849 1278 extenditque
866 1235 1051 1269 labellum:

46 1280 150 1314 Sume
168 1281 253 1315 duos
269 1281 425 1325 Equites,
442 1281 498 1314 fac
515 1281 621 1314 tertia
637 1281 904 1325 quadringenta.

46 1326 82 1360 Si
99 1327 255 1360 nondum
271 1327 414 1371 implevi
432 1327 613 1370 gremium,
633 1327 661 1359 si
678 1327 846 1370 panditur
862 1327 973 1360 ultra:

46 1373 79 1405 N
81 1384 119 1406 ec
137 1373 243 1406 Croesi
260 1373 402 1406 fortuna
418 1384 586 1415 unquam,
604 1383 667 1404 nec
685 1372 824 1406 Persica
839 1383 948 1415 regua

47 1417 229 1452 Sufficient
245 1418 372 1461 animo,
390 1429 454 1451 nec
471 1417 602 1450 divitite
620 1417 784 1460 Narcissi,

48 1463 202 1497 Indulsit
219 1464 332 1497 Caesar
349 1464 406 1497 cui
424 1463 590 1497 Claudius
607 1463 732 1506 omnia,
750 1464 850 1506 cujus

48 1509 172 1543 Paruit
187 1509 354 1554 imperiiS,
371 1520 516 1543 uxorem
533 1508 687 1543 occidere
698 1509 827 1552 jussus.

1097 70 1159 102 111

1095 550 1163 583 310

1097 1465 1166 1497 330
