1284 1922
427 95 598 130 SATIRA
624 95 727 130 VIII.

26 163 161 197 Vendit
177 161 424 205 Aceraecomes,
443 163 471 195 si
487 163 624 195 nullum
642 162 679 195 in
696 163 842 206 conjuge
859 162 1000 206 crimen,

20 209 54 243 Ν
56 221 94 243 ec
110 220 172 253 per
189 212 381 242 conventus
400 212 434 241 et
452 212 581 241 cuncta
597 220 658 252 per
675 208 803 251 oppida
820 209 937 241 curvis

21 255 207 298 Unguibus
224 255 274 287 ire
292 257 395 297 parat
411 265 572 286 nummos
590 258 735 297 raptura
753 254 906 287 Celaeno:

21 300 120 333 Tunc
137 300 220 333 licet
237 311 258 332 a
275 299 358 332 Pico
375 311 536 332 numeres
553 311 673 342 genuS,
692 299 833 343 altaque
851 300 880 332 si
897 303 933 333 te

20 345 174 379 Nomina
191 345 379 388 delectant,
397 356 535 378 omnem
552 345 717 378 Titanida
734 356 890 388 pugnam

22 391 121 424 Inter
137 392 284 434 majores
300 391 486 434 ipsumque
504 390 712 423 Promethea
729 402 855 434 ponas:

21 437 74 470 De
93 448 300 480 quocunque
318 436 411 469 voles
427 447 596 480 proavum
614 436 680 468 tibi
699 436 825 469 sumito
842 436 940 470 libro.

24 483 123 523 Quod
142 483 169 515 si
187 482 404 526 praecipitem
421 482 515 526 rapit
534 481 677 515 ambitio
695 486 801 525 atque
819 482 936 525 libido,

23 527 59 561 Si
76 528 209 571 frangis
227 528 343 570 virgas
361 528 531 560 sociorum
548 528 585 560 in
604 528 783 571 sanguine,
803 527 831 560 si
848 531 883 560 te

22 573 212 607 Delectant
229 573 370 606 hebetes
387 573 476 606 lasso
493 573 614 606 lictore
632 585 782 606 secures:

27 619 161 663 Incipit
178 619 333 666 ipsorum
351 622 470 652 contra
490 623 525 652 te
543 623 634 651 stare
651 623 839 662 parentum

22 632 209 708 Nobilitas,
228 665 427 717 claramque
444 665 557 698 facem
574 666 735 708 praeferle
753 664 937 708 pudendis.

24 711 135 744 Omne
152 710 261 744 animi
278 710 407 743 vitium
424 714 524 743 tanto
542 710 759 753 conspectius
777 710 815 742 in
833 721 867 743 se

24 757 162 789 Crimen
179 756 295 799 habet,
314 759 446 799 quanto
462 757 573 799 major
589 756 650 799 qui
667 760 788 799 peccat
806 755 963 790 habetur.

25 802 101 843 Quo
118 801 215 843 mihi,
233 805 268 834 te
286 802 428 834 solitum
444 801 549 834 falsas
568 801 705 844 signare
722 801 868 834 tabellas

25 847 68 881 Iu
86 847 236 891 templis,
255 858 330 891 quae
347 847 431 880 fecit
448 858 543 890 avus,
562 852 784 890 statuamque
802 847 957 891 parentis

3 929 7 933 ,
25 894 118 927 Ante
135 892 408 937 triumphalemZ
434 904 511 936 quo,
530 893 558 925 si
575 897 767 926 nocturnus
785 893 925 926 adulter

25 939 195 983 Tempora
212 939 400 972 Santonico
417 939 511 972 velas
528 939 695 982 adoperta
711 938 870 971 cucullo?

26 985 162 1018 Praeter
178 985 351 1028 majorum
368 984 499 1017 cineres
517 988 621 1028 atque
639 995 714 1017 ossa
731 984 864 1018 volucri

27 1031 199 1075 Carpento
216 1030 352 1074 rapitur
368 1030 509 1074 pinguis
526 1030 749 1073 Lateranus³‚
768 1034 803 1063 et
820 1030 903 1073 ipse,

28 1076 108 1120 Ipse
123 1080 237 1109 rotam
254 1076 444 1118 adstringit
459 1076 572 1109 multo
590 1076 783 1109 sufflamine
801 1075 947 1117 Consul3

27 1122 138 1156 Nocte
155 1121 314 1165 quidem:
340 1122 400 1154 sed
417 1121 502 1154 luna
518 1121 623 1163 videt,
642 1122 698 1154 sed
719 1122 831 1154 sidera
848 1125 954 1155 testes

28 1167 225 1201 Intendunt
243 1167 367 1200 oculos.
409 1167 436 1199 F
439 1167 568 1199 initum
586 1170 723 1211 tempus
740 1167 879 1200 honoris

29 1213 146 1254 Quum
161 1212 277 1255 fuerit,
295 1212 388 1245 clara
404 1211 617 1245 Lateranusb
633 1213 711 1246 luce
727 1213 906 1256 flagellum

29 1258 160 1302 Sumet,
178 1263 213 1291 et
230 1269 409 1292 occursum
425 1270 606 1302 nunquam
622 1258 813 1303 trepidabit
830 1258 934 1292 amici

28 1304 113 1338 Jam
131 1305 230 1347 senis,
248 1315 288 1337 ac
304 1304 404 1347 virga
420 1304 513 1348 prior
529 1309 672 1346 annuet
690 1309 797 1348 atque
814 1304 987 1349 maniplos

30 1349 158 1393 Solvet,
176 1353 211 1383 et
227 1350 391 1383 infundet
403 1351 573 1393 jumentis
591 1350 719 1383 hordea
736 1350 844 1384 lassis.

31 1396 170 1429 Interea
188 1395 271 1429 dum
287 1395 423 1429 lanatas
442 1400 648 1439 torvumque
661 1398 854 1439 juvencum

31 1441 128 1474 More
145 1441 270 1474 Numae
289 1442 393 1474 caedit-
411 1441 490 1474 Jov
481 1453 510 1474 is
527 1446 609 1474 ante
627 1441 762 1484 altaiia,
776 1443 874 1485 jurat

31 1487 148 1521 Solam
165 1487 323 1531 Eponam
340 1491 375 1520 et
392 1487 498 1520 facies
517 1487 610 1520 olida
627 1487 671 1520 ad
688 1487 856 1531 praesepia
873 1487 995 1531 pictas.

31 1532 99 1566 Sed
118 1544 227 1576 quum
245 1533 430 1576 pervigiles
448 1533 563 1576 placet
581 1533 775 1566 instaurare
793 1533 956 1577 popinas:

33 1578 164 1611 Obvius
182 1578 320 1611 assiduo
338 1578 567 1622 Syrophoenix
585 1579 676 1611 udus
693 1590 828 1612 amomo

33 1623 159 1666 Currit,
178 1624 342 1657 Idumaeae
361 1624 591 1667 Syiophoenix
609 1625 722 1658 incola
739 1629 859 1668 portae,

34 1668 192 1713 Hospitis
209 1669 336 1703 affectu
354 1670 533 1702 dominum
550 1682 735 1714 legemque
753 1671 894 1714 salutat,

33 1713 81 1748 Et
98 1726 179 1748 cum
195 1716 312 1749 venali
329 1716 445 1759 Cyane
463 1716 641 1749 succincta
657 1716 791 1760 lagena.

197 1772 340 1797 Damasi
318 1780 412 1805 Sippus
426 1776 453 1798 et
734 1772 746 1790 ¹³
766 1774 952 1807 Damasippus

601 1834 624 1859 E*

1106 97 1150 128 65

1083 255 1150 288 130

1082 712 1147 743 140

1084 1169 1150 1200 150

1088 1629 1153 1660 160
