1284 1922
468 63 640 104 SATIRA
665 62 768 98 XIII.
1120 65 1183 96 101

63 132 169 166 Haud
186 132 400 178 impunitum
418 132 593 177 quondam
609 131 691 175 fore,
709 131 800 176 quod
818 131 994 166 dubitaret
1119 135 1187 166 200

61 178 266 222 Depositum
282 179 431 212 retinere
448 182 484 211 et
500 177 660 211 fraudem
672 179 753 222 jure
771 178 863 211 tueri

61 224 86 257 J
91 224 238 258 arando:
263 224 438 269 qua‘rebat
456 224 558 267 enim,
577 235 654 268 quae
671 223 826 257 numinis
843 227 932 258 esset

60 269 160 303 Mens
178 275 213 303 et
230 282 275 304 an
292 270 356 304 hoc
372 269 425 303 illi
442 270 578 303 facinus
596 269 758 303 suaderet
775 269 900 313 Apollo
912 270 924 303 ‘2

60 315 229 349 Reddidit
246 327 335 359 ergo,
351 320 458 359 metu,
476 327 546 349 non
562 315 734 357 moribus3
759 319 794 349 et
811 320 929 349 tamen
948 327 1085 350 omnem

60 361 188 395 Vocem
204 362 302 406 adyti
320 362 463 406 dignam
480 361 610 406 templo
628 372 815 405 veramque
833 361 994 405 probavit

58 406 263 441 Exstinctus
280 411 355 441 tota
371 407 502 452 pariter
519 419 599 441 curn
616 407 711 451 prole
728 407 899 450 domoque

56 452 113 496 Et,
132 454 288 498 quamvis
304 454 409 498 longa
426 454 584 487 deductis
601 456 717 497 gente,
733 453 948 497 propinqui&

57 498 132 533 Has
149 500 284 544 patitur
301 511 419 544 poenas
436 499 604 544 peccandi
621 499 693 532 sola
709 499 880 533 voluntas.

55 544 147 578 Nam
165 545 276 579 scelus
294 546 387 579 intra
404 556 439 580 se
456 545 606 579 tacitum
623 545 683 589 qui
699 544 831 588 cogitat
847 544 971 585 ullum,

55 590 156 624 Facti
173 591 303 625 crimen
320 591 434 626 habet.
485 593 506 608 “
517 590 617 631 Cedo,
637 590 665 623 si
683 593 808 623 conata
824 589 959 631 peregit
973 588 1008 623 2''
1110 593 1180 624 210

54 635 229 681 Perpetua
246 638 405 671 anxietas
421 648 485 671 nec
501 648 630 670 mensae
648 640 801 680 tempore
818 640 938 680 cessat,

54 681 239 726 Faucibus,
258 687 297 717 ut
314 683 440 726 morbo,
459 683 557 716 siccis
575 682 736 726 interque
753 682 900 716 molares

52 727 198 761 Difficili
215 733 388 762 crescente
406 728 498 762 cibo:
525 728 584 762 sed
601 728 684 762 vina
699 728 857 762 misellus

51 773 223 818 Exspuit;
243 774 368 808 Albani
385 775 511 808 veteris
528 774 680 818 pretiosa
697 778 857 807 senectus

52 819 244 864 Displicet;
269 821 430 854 ostendas
446 821 581 863 melius,
599 820 802 853 densissima
819 831 908 863 ruga

53 865 197 908 Cogitur
214 866 251 899 in
268 866 428 910 frontem⁷
446 866 544 900 velut
561 866 633 900 acri
650 865 758 899 ducta
775 865 934 899 Falerno.

52 911 163 945 Nocte
180 911 320 946 brevem
337 913 364 945 si
381 913 473 946 forte
489 912 637 946 indulsit
654 923 737 945 cura
754 923 922 955 soporem,

52 957 99 990 Et
116 961 189 991 toto
207 962 343 991 versata
359 961 433 992 toro
445 959 521 1002 jam
537 957 693 991 membra
710 957 916 1001 quiescunt:

52 1003 224 1036 Continuo
243 1003 414 1047 templum
430 1008 466 1037 et
483 1003 605 1037 violati
621 1003 777 1036 numinis
794 1014 872 1036 aras

50 1048 107 1091 Et,
126 1049 217 1093 quod
235 1049 419 1093 praecipuis
436 1054 590 1083 mentem
607 1048 786 1083 sudoribus
803 1051 916 1092 urget,
1108 1051 1178 1084 220

52 1093 99 1127 Te
118 1095 214 1128 videt
230 1095 268 1128 in
286 1096 433 1136 somnis3
458 1100 521 1129 tua
539 1106 636 1129 sacra
653 1098 689 1128 et
705 1096 815 1138 major
832 1095 947 1138 imago

51 1139 220 1175 Humana
237 1141 357 1174 turbat
373 1141 541 1185 pavidum
558 1141 721 1185 cogitque
738 1140 851 1174 fateri.

51 1185 100 1218 Hi
118 1191 209 1229 sunt,
227 1187 287 1230 qui
305 1187 484 1231 trepidant
500 1190 536 1220 et
553 1187 597 1221 ad
614 1187 732 1220 omnia
747 1186 891 1229 fulgura
908 1185 1053 1230 pallent,

51 1231 168 1272 Quum
186 1236 294 1275 tonat,
313 1233 490 1266 exanimes
507 1233 618 1277 primo
635 1244 772 1277 quoque
788 1243 965 1266 murmure
982 1232 1061 1266 coeli
1071 1244 1081 1274 3

49 1276 83 1309 N
85 1289 129 1310 on
147 1278 245 1322 quasi
262 1278 437 1322 fortuitus,
454 1290 518 1313 nec
535 1283 720 1313 ventorum
736 1278 841 1321 rabie,
859 1278 920 1312 sed

51 1323 166 1356 Iratus
184 1324 287 1357 cadat
305 1324 342 1357 in
359 1328 468 1358 terras
485 1328 520 1358 et
533 1325 670 1368 judicet
686 1325 788 1368 ignis.

50 1368 118 1402 Illa
134 1369 223 1402 nihil
236 1370 366 1412 nocuit,
384 1381 467 1403 cura
483 1370 640 1413 graviore
657 1371 803 1404 timetur

49 1413 214 1448 Proxima
231 1419 428 1459 tempestas,
446 1416 544 1449 velut
561 1416 626 1449 hoc
642 1416 753 1449 dilata
771 1426 899 1449 sereno.

49 1459 232 1504 Praeterea,
249 1461 368 1494 lateris
385 1461 485 1505 vigili
502 1473 582 1495 cum
598 1461 693 1496 febre
709 1462 862 1495 dolorem

49 1505 86 1539 Si
103 1517 235 1550 coepere
252 1507 336 1550 pati,
353 1507 498 1540 missum
515 1507 560 1540 ad
577 1519 639 1541 sua
655 1519 798 1552 corpora
813 1507 974 1542 morbum
1103 1509 1172 1541 230

50 1551 182 1586 Infesto
199 1552 346 1586 credunt
362 1564 384 1586 a
399 1553 564 1593 numine;
598 1564 683 1587 saxa
699 1554 853 1587 Deorum

49 1596 136 1630 Haec
153 1602 188 1631 et
205 1598 276 1632 tela
292 1602 430 1642 putant.
472 1598 645 1632 Pecudem
663 1600 830 1644 spondere
847 1599 973 1633 sacello

48 1642 233 1676 Balantem
250 1647 285 1677 et
302 1644 431 1678 laribus
448 1645 589 1678 cristam
606 1646 808 1689 promittere
825 1645 911 1689 galli

48 1687 128 1721 Non
145 1689 294 1724 audent:
319 1690 404 1734 quid
421 1691 514 1724 enim
532 1702 667 1735 sperare
683 1691 889 1725 nocentibus
907 1691 1008 1735 aegris

48 1734 278 1769 Concessum?
303 1736 358 1771 vel
376 1747 454 1780 quae
471 1748 541 1770 non
558 1737 696 1781 dignior
711 1737 826 1772 hostia
843 1737 939 1773 vita?
