1284 1922
75 93 119 124 86
392 91 434 124 D.
461 91 597 124 JUNII
623 90 890 124 JUVENALIS

75 160 125 193 Hi
143 160 346 204 plerumque
363 161 491 203 gradus
508 173 515 194 :
541 161 712 194 conducta
729 161 878 205 pecunia
896 160 1013 193 Romae

75 206 123 239 Et
141 218 256 239 coram
274 207 423 239 dominis
441 208 679 240 consumitur:
705 207 788 240 inde
804 206 865 239 ubi
883 206 1043 250 paullum

75 251 199 285 Nescio
217 252 301 295 quid
319 257 475 296 superest
492 256 527 286 et
545 253 654 296 pallet
670 253 798 286 fenoris
816 258 945 293 auctor,

78 298 146 338 Qui
163 302 297 331 vertere
315 298 436 340 solum,
454 299 557 332 Baias
575 303 609 331 et
626 299 671 332 ad
691 299 787 331 Ostia
806 298 983 331 curi-nuth.

78 343 205 376 Cedere
221 355 372 387 namque
389 345 462 377 foro
474 346 550 388 jam
567 356 636 377 non
655 348 706 377 est
724 344 886 387 deterius,
905 355 1010 388 quam

77 389 252 432 Esquilias
269 401 290 423 a
306 390 456 424 ferventi
473 391 622 433 migrare
641 390 805 423 Subur-ra.

79 434 145 468 Ille
163 435 259 468 dolor
276 435 367 468 solus
385 436 535 480 patriam
552 436 784 479 fugientibus,
802 436 864 468 illa

79 480 250 514 Moestitia
267 485 319 514 est
336 482 485 515 caruisse
502 493 593 515 anno
611 482 830 514 Circensibus
848 492 928 514 uno.

79 527 268 570 Sanguinis
286 527 322 559 in
339 528 428 560 facie
445 539 515 560 non
532 528 641 560 haeret
659 532 762 570 gutta
777 539 783 560 :
810 531 996 559 morantur

80 572 190 606 Pauci
206 573 396 605 ridiculum
412 573 608 616 fugientem
626 584 670 605 ex
687 573 772 605 urbe
791 573 972 605 Pudorem.

127 619 315 662 Experiere
333 619 633 671 11οᾰ10,1111111(111κ1
652 619 886 663 pulcheriima
904 618 1010 660 dictu,

82 663 228 707 Persice,
245 676 315 697 non
332 669 494 708 plaestem
512 665 586 698 vita
602 664 658 698 vel
674 664 827 697 molibus
846 668 880 697 et
897 675 960 704 1e;

83 710 151 744 Sed
168 710 307 743 laudem
326 711 468 754 siliquas
486 710 644 744 occultus
661 722 794 762 ganeo3
819 710 935 754 pultes

84 757 206 790 Coram
223 756 301 790 aliis
319 756 447 789 dictem
465 768 582 800 puero,
600 756 685 789 sed
676 768 713 788 1n
731 767 815 788 aure
832 756 1022 799 placentas.

83 802 176 836 Nam
193 813 302 845 quum
320 802 364 834 sis
382 802 528 835 conviva
545 802 632 835 mihi
649 802 846 846 promissus,
864 801 1007 834 habebis

85 848 298 889 Evandrum,
316 848 432 881 venies
450 848 654 891 Tirynthius
672 852 734 880 aut
751 848 864 879 minor
880 847 940 880 illo

86 894 222 938 Hospes
239 897 274 926 et
290 894 363 937 ipse
381 897 500 926 tamen
517 894 721 936 contingens
740 893 911 936 sangnine
928 892 1054 925 coelum
1069 904 1076 926 :

87 940 186 973 Alter
203 939 311 983 aquis,
329 939 418 972 alter
433 939 583 972 flammis
601 940 645 972 ad
663 939 775 972 sidera
791 939 926 972 missus.

88 985 236 1019 Fercula
252 996 346 1018 nunc
364 985 447 1018 audi
463 985 570 1018 nullis
588 989 710 1018 ornata
726 984 890 1018 macellis.

87 1031 141 1065 De
159 1031 341 1064 Tiburtino
358 1031 474 1064 veniet
492 1031 742 1075 pinguissimus
760 1042 842 1073 agro

90 1077 262 1111 Haedulus
280 1080 315 1110 et
332 1081 404 1110 toto
422 1088 525 1120 grege
543 1077 688 1119 mollior,
707 1077 836 1109 inscius
855 1075 980 1119 herbae,

89 1123 249 1157 Necdum
266 1135 371 1156 ausus
388 1123 503 1166 virgas
521 1123 664 1155 humilis
681 1123 837 1155 mordere
855 1122 980 1164 salicti,

91 1169 159 1210 Qui
176 1169 255 1213 plus
272 1169 372 1201 lactis
390 1169 504 1211 habet,
523 1180 629 1212 quam
648 1168 828 1211 sanguinis
846 1180 854 1208 3
880 1172 914 1201 et
931 1167 1089 1201 montani

91 1215 272 1258 Asparagi,
290 1215 400 1258 posito
418 1226 501 1258 quos
518 1215 604 1257 legit
623 1214 740 1248 villica
757 1214 843 1247 fuso.

93 1261 246 1294 Grandia
263 1265 430 1304 proeterea
447 1264 606 1303 tortoque
624 1260 774 1292 calentia
790 1260 883 1292 foeno

94 1306 168 1340 Ova
185 1307 313 1339 adsunt
329 1307 412 1349 ipsis
430 1317 510 1338 cum
526 1306 705 1347 matribus,
724 1309 759 1338 et
777 1309 921 1338 servatae

93 1352 198 1386 Parte
215 1352 308 1391 anni,
326 1352 445 1395 quales
462 1352 602 1384 fuerant
619 1352 656 1384 in
674 1351 815 1392 vitibus,
833 1363 910 1384 nvae
928 1363 935 1384 t

94 1398 279 1441 Signinum
297 1397 505 1441 Syriumque
523 1397 648 1441 pirum,
667 1397 709 1430 de
726 1396 884 1430 corbibus
902 1397 1012 1429 isdem

93 1444 238 1477 AEmula
259 1443 393 1476 Picenis
410 1447 445 1476 et
463 1443 575 1476 odoris
592 1443 685 1476 mala
701 1443 857 1483 recentis,

94 1490 127 1522 N
129 1502 167 1523 ec
184 1490 373 1523 metuenda
390 1489 464 1529 tibi,
483 1489 650 1522 siccatum
666 1489 793 1532 frigore
810 1493 993 1532 postquam

94 1536 317 1569 Autumnum
334 1539 369 1568 et
387 1517 486 1568 crudi
503 1546 647 1578 posuere
664 1535 817 1579 pericula
835 1546 872 1567 su
876 1534 936 1567 cci.

96 1581 182 1614 Haec
200 1581 282 1614 olim
298 1581 407 1614 nostri
420 1582 495 1624 jam
513 1581 690 1614 luxuliosa
708 1581 855 1614 Senatus

97 1627 203 1660 Coena
219 1627 298 1660 fuit.
348 1627 480 1667 Curius,
499 1639 605 1670 parvo
623 1638 700 1670 quae
718 1627 848 1669 legerat
866 1625 975 1664 horto,

97 1672 176 1716 Ipse
193 1673 278 1706 focis
295 1672 455 1706 brevibus
473 1673 622 1716 ponebat
640 1672 804 1712 oluscula⁷
822 1683 897 1714 qua-³
915 1682 1009 1704 nunc

98 1718 286 1763 Squalidus
303 1719 340 1751 in
357 1730 486 1762 magna
502 1719 639 1752 fastidit
657 1717 819 1762 compede
836 1718 951 1759 fossor,

527 1784 539 1801 '⁸
560 1787 657 1812 Ostrea
670 1788 783 1810 currunt

1157 344 1202 376 50

1164 801 1208 833 60

1173 1717 1213 1749 80
