1284 1922
345 209 394 245 D.
430 208 601 245 JUNII
637 208 982 244 JUVENALIS

195 306 1132 364 SATIRARUM

465 439 608 472 LIBER
633 438 859 480 QUARTUS.

564 559 756 569 mm

545 646 718 681 SATIRA
742 646 783 680 X.

106 721 276 756 OMNIBUS
294 722 331 755 in
348 723 457 764 terris,
475 734 552 766 quae
570 725 652 755 sunt
668 733 689 755 a
706 721 859 755 Gadibus
876 732 985 765 usque

104 768 275 801 Auroram
292 772 327 801 et
345 768 498 812 Gangen,
515 769 619 812 pauci
637 768 836 811 dignoscere
854 770 998 811 possunt

106 812 196 846 Vera
212 813 302 846 bona
318 817 424 857 atque
440 814 510 846 illis
526 814 680 847 multum
697 813 841 855 diversa,
858 816 991 845 remota

105 857 237 891 Erroris
256 858 393 893 nebula.
442 859 535 899 Quid
552 860 645 892 enim
661 859 795 892 ratione
812 859 976 891 timemus

104 903 178 937 Aut
195 904 354 948 cupimus
368 904 381 938 ’ἒ
407 905 491 948 quid
508 909 582 938 tam
599 905 721 938 dextro
738 904 826 948 pede
843 903 1004 948 concipis,
1021 905 1061 937 ut
1077 905 1114 936 te

105 948 257 982 Conatus
273 961 343 983 non
359 950 528 993 poeniteat
544 950 685 994 votique
701 949 836 994 peracti
852 949 864 984 [²

104 994 269 1029 Evertere
286 995 402 1029 domos
419 1000 510 1029 totas
527 996 729 1040 optantibus
747 995 830 1039 ipsis

104 1039 152 1072 Di
170 1040 289 1074 faciles
304 1053 312 1081 3
336 1041 496 1074 nocitura
512 1045 604 1084 toga,
621 1041 782 1074 nocitura
798 1042 968 1084 petuntur

105 1084 236 1119 Militia
250 1098 259 1126 ;
283 1089 415 1119 torrens
433 1087 570 1119 dicendi
587 1087 685 1130 copia
701 1086 822 1119 multis

104 1129 152 1163 Et
169 1142 231 1164 sua
249 1132 427 1165 mortifera
444 1135 496 1165 est
512 1132 678 1164 facundia
692 1144 700 1172 3
725 1131 857 1165 viribus
873 1131 933 1164 ille
1177 1132 1220 1163 10

106 1175 261 1209 Confisus
277 1177 382 1220 periit
399 1177 691 1220 admirandusque
707 1177 855 1209 lacertis.

106 1220 173 1253 Sed
189 1222 305 1264 plures
322 1222 431 1255 nimia
447 1225 610 1265 congesta
626 1222 775 1266 pecunia
792 1232 875 1254 cura

106 1265 320 1309 Strangulat,
338 1271 373 1300 et
390 1271 516 1300 cuncta
533 1278 743 1310 exsuperans
760 1266 970 1310 patrimonia
986 1277 1117 1310 census,

107 1311 245 1352 Quanto
263 1312 436 1355 delphinis
453 1312 588 1346 balaena
605 1312 808 1345 Britannica
824 1313 943 1355 major.

153 1357 376 1401 Temporibus
394 1357 477 1390 diris
493 1358 603 1400 igitur
614 1359 783 1401 jussuque
800 1357 945 1389 Neronis

105 1401 300 1445 Longinum
318 1407 353 1436 et
368 1414 511 1446 magnos
529 1403 665 1436 Senecae
682 1402 871 1446 praedivitis
887 1402 1003 1435 hortos

106 1447 249 1490 Clausit,
267 1452 301 1481 et
318 1449 472 1491 egregias
490 1449 738 1482 Lateranorum
755 1448 888 1481 obsidet
905 1448 993 1480 aedes

105 1492 192 1526 Tota
209 1493 328 1526 cohors
345 1506 351 1527 :
375 1505 474 1526 rarus
491 1494 587 1527 venit
603 1494 641 1526 in
658 1493 835 1527 coenacula
851 1493 959 1526 miles.

106 1537 224 1571 Pauca
240 1538 322 1572 licet
339 1542 453 1583 portes
470 1539 606 1582 argenti
623 1539 764 1572 vascula
780 1538 868 1582 puri,

105 1583 215 1616 Nocte
232 1583 299 1616 iter
314 1584 488 1627 ingressus
505 1585 662 1627 gladium
679 1588 888 1627 contumque
905 1582 1042 1616 timebis
1173 1585 1218 1616 20

105 1628 152 1661 Et
168 1631 270 1662 motae
287 1629 331 1662 ad
348 1629 469 1662 lunam
486 1630 675 1674 trepidabis
693 1629 871 1662 arundinis
888 1628 1046 1663 umbram
1062 1639 1070 1663 :

106 1673 269 1709 Cantabit
285 1686 416 1709 vacuus
433 1686 547 1709 coram
564 1675 697 1709 latrone
715 1675 834 1708 viator.
