1284 1922
127 61 193 93 108
441 57 483 91 D.
508 55 641 91 JUNH
667 53 930 89 JUVENALIS

124 126 191 160 Sed
209 128 315 169 caput
332 125 505 158 intactum
521 123 615 157 buxo
631 134 800 166 naresque
816 122 943 167 pilosas

125 172 291 213 Annotet,
308 174 343 204 et
360 170 507 214 grandes
524 170 671 203 miretur
687 169 814 202 Laelius
831 168 913 202 alas.

125 218 233 251 Dirue
251 217 454 250 Maurorum
471 216 629 259 attegias,
648 215 791 248 castella
807 214 1027 258 Brigantum,

126 264 175 297 Ut
192 263 402 307 locupletem
419 262 572 306 aquilam
589 261 654 294 tibi
671 260 904 304 sexagesimus
922 270 1034 293 annus

125 309 276 343 Afferat:
302 312 372 351 aut,
389 308 509 351 longos
528 311 717 341 castrorum
734 307 823 340 ferre
839 306 972 339 labores

127 354 163 388 Si
180 355 286 399 piget,
304 358 339 388 et
356 354 532 398 trepidum
549 353 688 386 solvunt
706 353 770 386 tibi
788 363 917 386 cornua
933 354 1091 385 ventrem

127 401 215 434 Cum
232 400 330 434 lituis
347 400 477 442 audita,
495 411 604 444 pares,
623 399 715 442 quod
732 398 880 432 vendere
897 397 1005 442 possis
1179 397 1247 430 200

129 446 242 481 Pluris
260 446 413 489 dimidio,
431 457 494 478 nec
512 450 547 478 te
563 445 706 478 fastidia
723 444 845 477 mercis

128 493 243 526 Ullius
261 492 408 525 subeant
424 491 626 534 ablegandae
644 490 795 523 Tiberim
812 489 916 532 ultra,

126 538 205 572 Neu
223 538 342 572 credas
359 537 560 582 ponendum
577 536 710 580 aliquid
728 535 936 569 discriminis
954 535 1046 568 inter

128 584 318 627 Unguenta
335 588 370 617 et
387 583 528 617 corium.
576 582 681 615 Lucri
697 582 806 615 bonus
823 585 875 615 est
892 581 975 614 odor
991 592 1034 614 ex
1050 591 1088 614 re

129 630 302 670 Qualibet.
351 629 419 663 Illa
435 633 497 662 tuo
515 628 688 662 sententia
706 639 839 671 semper
855 627 892 660 in
910 638 967 660 ore

128 675 303 716 Versetur,
321 675 387 708 Dis
404 678 509 719 atque
527 675 600 718 ipso
617 674 707 708 Jove
724 674 839 717 digna,
857 677 986 717 poetae:

129 721 230 755 Unde
247 721 383 764 habeas,
402 720 527 765 quaerit
544 731 663 754 nemo:
690 720 749 753 sed
766 723 901 763 oportet
918 718 1124 752 habere.’⁷—

129 768 206 800 Hoc
223 771 419 800 monstrant
436 766 564 800 vetulae
582 765 698 810 pueris
715 764 915 809 repentibus
933 775 1037 805 assae3

129 813 206 846 Hoc
223 813 362 846 discunt
380 823 496 846 omnes
514 816 595 845 ante
612 812 718 856 alpha
735 816 770 844 et
786 811 867 844 beta
883 810 1018 855 puellae.

129 858 270 892 Talibus
286 859 477 892 instantem
493 858 635 891 monitis
652 868 894 902 quemcunque
910 859 1091 901 parentem
1181 855 1249 887 210

129 904 185 937 Sic
202 916 335 948 possem
352 904 467 938 affari:
500 908 519 924 “
531 906 607 949 Dic,
623 917 643 940 ο
661 906 856 947 vanissime,
873 905 950 947 quis
968 908 1003 937 te

129 951 310 984 Festinare
322 949 447 994 jubet?
471 949 649 983 meliorem
666 952 791 993 praesto
808 950 974 991 magistro

129 996 357 1040 Discipulum.
407 995 555 1029 Securus
573 995 647 1028 abi:
672 994 829 1037 vinceris,
847 999 888 1027 ut
905 993 997 1037 Ajax

130 1041 303 1075 Praeteriit
320 1042 550 1084 Telamonem,
568 1045 608 1075 ut
624 1040 728 1074 Pelea
745 1040 830 1074 vicit
846 1039 1008 1073 Achilles.

130 1088 348 1121 Parcendum
366 1092 418 1121 est
435 1087 580 1121 teneris:
605 1087 763 1120 nondum
779 1086 965 1130 implevere
981 1083 1152 1117 medullas

129 1133 280 1167 Maturae
296 1133 390 1167 mala
406 1133 580 1177 nequitiae.
630 1133 746 1174 Quum
763 1137 900 1176 pectere
917 1131 1060 1164 barbam

130 1179 289 1223 Coeperit,
307 1184 342 1213 et
359 1179 455 1222 longi
471 1190 671 1211 mucronem
689 1178 874 1211 admittere
892 1177 1007 1220 cultri,

128 1224 251 1258 Falsus
269 1225 334 1258 erit
351 1225 459 1267 testis,
477 1224 604 1258 vendet
621 1224 772 1268 perjuria
790 1234 925 1256 summa

129 1271 277 1314 Exigua,
297 1271 448 1304 Cereris¹¹
465 1274 613 1313 tangens
630 1280 794 1313 aramque
812 1269 1012 1313 pedemque.

129 1316 270 1349 Elatam
282 1318 358 1360 jam
375 1316 474 1349 crede
491 1327 629 1358 nurum,
647 1315 675 1348 si
691 1315 814 1348 limina
831 1319 946 1347 vestra
1183 1314 1251 1346 220

130 1362 312 1395 Mortifera
330 1373 409 1395 cum
426 1362 505 1395 dote
524 1361 626 1395 subit.
676 1360 808 1402 Quibus
825 1360 887 1393 illa
904 1363 1081 1404 premetur

130 1407 197 1442 Per
214 1419 372 1441 somnum
390 1407 527 1451 digitis!
553 1419 635 1440 nam
653 1418 729 1450 quae
747 1410 905 1450 terraque
922 1405 1080 1449 marique

131 1453 352 1496 Acquirenda
368 1458 480 1492 putas,
498 1453 633 1486 brevior
649 1453 707 1486 via
724 1453 877 1486 conferet
894 1452 955 1485 illi.

128 1498 256 1531 Nullus
275 1497 367 1530 enim
384 1495 505 1538 magni
523 1494 657 1527 sceleris
681 1492 809 1526 labor.''
860 1493 879 1509 “
891 1491 978 1525 Haec
995 1502 1058 1535 ego
1075 1502 1253 1535 nunquam

128 1540 328 1584 Mandavi,’'
347 1541 438 1574 dices
455 1541 547 1581 olim,
565 1541 661 1571 “nec
679 1538 765 1571 talia
782 1536 906 1571 suasi.”

129 1588 260 1621 Mentis
278 1600 381 1622 causa
397 1589 498 1621 malae
516 1593 634 1622 tamen
651 1591 703 1622 est
720 1591 755 1622 et
773 1588 866 1631 origo
883 1599 988 1632 penes
1005 1590 1049 1622 te.

129 1633 162 1666 N
165 1645 221 1666 am
239 1634 393 1678 quisquis
411 1635 530 1678 magni
548 1645 670 1668 census
687 1634 851 1678 praecepit
868 1645 1020 1668 amorem

129 1678 176 1712 Et
193 1679 279 1714 laevo
297 1680 433 1714 monitu
450 1691 574 1724 pueros
591 1680 752 1725 producit
769 1691 899 1723 avaros,

603 1738 613 1749 '³
634 1738 661 1760 et
673 1735 777 1760 Cereris
