1284 1922
72 78 116 110 62
389 73 431 106 D.
458 71 593 106 JUNH
619 68 886 105 JUVENALIS

72 140 183 183 Atria,
201 138 367 172 nobilitas
385 137 456 170 sola
473 140 526 170 cst
543 140 649 180 atque
666 136 772 169 unica
789 135 910 169 virtus.
1154 132 1200 165 20

73 186 221 220 Paullus
239 185 295 218 vel
315 184 437 216 Cossus
455 183 510 216 vel
528 183 663 216 Drusus
680 181 834 214 moribus
852 184 944 220 esto;

74 233 149 265 Hos
167 235 249 265 ante
267 230 399 273 effigies
416 230 589 272 majormn
606 239 696 272 pone
713 231 875 267 tuorum;

75 277 281 311 Praecedant
298 276 390 320 ipsas
407 275 460 307 illi
478 279 513 308 te
531 274 678 308 Consule
695 274 820 316 virgas

75 324 194 357 Prima
211 322 298 355 mihi
317 321 419 354 debes
437 320 546 354 animi
563 320 671 353 bona:
698 323 840 353 sanctus
857 317 977 351 haberi

75 369 306 412 Justitiaeque
323 371 431 400 tenax
448 367 550 399 factis
569 366 740 410 dictisque
757 365 908 406 mereris,

76 415 236 459 Agnosco
254 425 438 458 procerem.
481 412 591 453 Salve,
611 412 791 453 Gaetulice,
809 422 869 444 seu
886 414 928 443 tu

76 462 227 503 Silanus,
245 470 453 503 quocunque
470 458 540 492 alio
557 459 599 491 de
618 458 797 500 sanguine,
815 467 915 489 rarus

77 507 170 540 Civis
188 510 224 539 et
241 505 400 549 egregius
418 504 540 548 patriae
558 504 732 546 contingis
749 503 878 536 ovanti.

77 552 285 586 Exclamare
303 551 399 593 libet,
417 550 568 594 populus
586 549 678 593 quod
696 549 835 589 clamat,
855 547 945 581 Osiri

78 599 238 631 Invento.
281 596 366 637 Quis
383 596 477 629 enim
495 606 701 638 generosum
718 594 847 627 dixerit
865 594 968 636 hunc,
988 592 1050 637 qui
1159 593 1204 625 30

79 644 252 687 Indignus
270 653 396 686 genere
415 646 449 674 et
466 642 633 685 praeclaro
651 640 791 673 nomine
808 644 951 673 tantum

79 688 256 733 Insignis?
298 688 331 721 N
333 699 441 720 anum
459 687 641 731 cujusdam
658 687 805 719 Atlanta
822 697 996 727 vocamus,

79 735 282 778 AEthjopem
299 745 462 777 cygnum,
481 744 625 776 pravam
643 736 885 775 extortamque
902 731 1052 775 puellam

80 782 263 824 Europen3
289 779 434 812 canibus
452 779 561 822 pigris
580 778 761 821 scabicque
779 781 920 811 vetusta

80 827 229 861 Levibus
248 829 282 858 et
301 825 399 858 siccae
418 824 652 858 lambentibus
670 836 729 857 ora
745 824 897 857 lucernae

81 873 217 906 Nomen
235 871 301 904 erit
317 871 457 914 parduS,
476 871 586 913 tigris,
605 870 667 909 leo,
687 871 714 902 si
732 870 815 913 quid
834 870 949 902 adhuc
967 871 1027 910 est,

83 919 184 959 Quod
201 918 328 950 fremat
346 917 383 949 in
401 916 501 948 terris
520 916 716 949 violentius.
760 916 852 959 Ergo
870 914 1006 948 cavebis

82 964 129 998 Et
146 967 290 1005 metues,
309 973 352 995 ne
370 965 411 994 tu
430 962 474 994 sis
493 962 650 995 Creticus
668 965 730 994 aut
749 961 960 994 Camerinus.

131 1010 197 1042 His
215 1020 277 1052 ego
296 1019 399 1051 quem
416 1008 537 1040 monui
548 1007 559 1040 ’ἔ
586 1011 701 1040 tecum
719 1011 770 1040 est
787 1007 875 1040 mihi
893 1017 1012 1048 sermo,
1032 1005 1172 1039 Rubelli

84 1055 220 1089 Plaute.
262 1054 388 1087 Tumcs
406 1053 477 1086 alto
495 1054 687 1086 Drusorum
707 1057 898 1096 stemmate,
917 1058 1088 1096 tanquam
1166 1051 1210 1084 40

86 1101 223 1135 Feceris
240 1100 313 1143 ipse
331 1099 474 1143 aliquid,
492 1103 633 1143 propter
650 1099 743 1143 quod
759 1098 885 1132 nobilis
903 1110 1001 1142 esses,

87 1148 136 1181 Ut
153 1151 188 1180 te
207 1146 402 1189 conciperet
420 1156 498 1188 quae
516 1145 685 1188 sanguine
702 1145 817 1188 fulget
836 1145 917 1187 Iuli,

86 1192 165 1226 Non
184 1203 262 1235 quae
280 1195 422 1224 ventoso
440 1191 614 1224 conducta
632 1191 695 1223 sub
713 1202 838 1233 aggere
856 1191 956 1223 texit.

90 1236 190 1269 “Vos
208 1235 390 1277 hmniles‚’⁷
407 1236 533 1278 inquiS,
553 1238 574 1251 ‘⁶
585 1236 683 1280 vulgi
700 1247 778 1279 pars
796 1236 923 1268 ultima
939 1235 1058 1275 nostri,

91 1282 245 1323 Quorum
264 1292 364 1314 nemo
381 1285 486 1324 queat
504 1282 654 1324 patriam
670 1286 860 1315 monstrare
877 1281 1031 1325 parentis
1046 1293 1052 1313 ;

90 1327 156 1361 Ast
173 1338 236 1370 ego
255 1326 458 1370 Cecropides
474 1326 504 1360 1''
539 1326 646 1361 vivas
663 1330 697 1362 et
714 1327 857 1370 originis
874 1327 978 1370 hujus

90 1371 227 1405 Gaudia
244 1372 348 1414 longa
365 1373 473 1404 feras:
500 1375 617 1405 tamen
636 1373 706 1405 ima
723 1372 822 1416 plebe
841 1373 1014 1414 Quiritem

90 1418 299 1451 Facundum
316 1417 493 1457 invenies;
520 1418 606 1451 solet
624 1418 681 1451 hic
699 1419 884 1453 defendere
901 1430 1023 1453 causas

90 1463 227 1497 Nobilis
245 1463 399 1503 indocti3
425 1463 542 1497 veniet
559 1464 601 1497 de
619 1464 719 1508 plebe
736 1469 866 1508 togata,

92 1509 161 1549 Qui
175 1509 263 1554 juris
280 1509 387 1542 nodos
405 1512 439 1542 et
457 1509 576 1553 legum
594 1511 783 1554 aenigmata
800 1511 920 1544 solvat.
1171 1514 1216 1546 50

92 1554 161 1588 Hic
178 1555 268 1599 petit
286 1554 492 1598 Euphraten
505 1556 646 1599 juvenis
664 1557 856 1600 domitique
873 1557 1000 1591 Batavi

92 1601 259 1634 Custodes
277 1601 422 1644 aquilas,
440 1602 544 1634 armis
562 1602 773 1636 industrius:
799 1607 836 1636 at
854 1606 895 1636 tu

92 1646 152 1679 Nil
169 1646 237 1679 nisi
255 1646 457 1690 Cecropides
476 1651 668 1692 truncoque
687 1648 884 1682 simillimus
903 1649 1043 1683 Hermae

92 1691 199 1725 Nullo
218 1692 347 1736 quippe
365 1692 432 1725 alio
450 1693 559 1726 vincis
577 1693 785 1737 discrimine,
804 1706 908 1738 quam
926 1696 1018 1739 quod

94 1737 153 1771 Illi
170 1749 402 1772 marmoreum
419 1743 525 1782 caput
542 1743 604 1783 est,
623 1743 685 1774 tua
702 1740 790 1774 vivit
806 1741 930 1784 imago.
