1284 1922
305 318 353 354 D.
391 317 562 354 JUNII
599 316 948 354 JUVENALIS

154 417 1103 476 SATIRARUM

442 535 587 569 LIBER
611 531 804 567 PRIMUS.
1048 565 1077 594 ,ἡ

527 650 722 660 mmm-mm

522 731 697 765 SATIRA
722 730 752 766 Ι.

64 830 218 864 SEMPER
235 841 298 874 ego
316 829 456 863 auditor
471 831 614 862 tantum
628 828 641 862 2
666 840 895 873 nunquamne
910 839 1088 874 reponam,

65 877 223 910 Vexatus
240 876 344 910 toties
361 875 459 909 rauci
476 875 644 908 Theseide
662 875 766 908 Codri
781 875 793 909 2

65 922 218 967 Impune
235 933 316 966 ergo
332 922 422 955 mihi
439 921 635 955 cantaverit
651 921 711 955 ille
728 925 877 965 togatas,

64 969 135 1003 Hic
153 969 267 1012 elegos
277 969 289 1002 ’ἒ
315 969 459 1012 impunc
476 968 569 1000 diem
586 968 815 1001 consumserit
831 968 956 1011 ingens

64 1015 249 1059 Telephus,
266 1020 329 1048 aut
347 1014 471 1048 summi
489 1014 594 1057 plena
605 1015 682 1058 jam
698 1014 856 1057 margine
873 1013 955 1047 libri

64 1061 223 1105 Scriptus
242 1066 277 1094 et
293 1061 331 1093 in
348 1066 454 1103 tergo,
472 1071 536 1093 nec
555 1060 639 1093 dum
656 1060 788 1103 finitus,
808 1059 968 1093 Orestes?

110 1108 205 1141 Nota
220 1107 332 1151 magis
350 1107 440 1140 nulli
457 1107 579 1139 domus
597 1109 649 1140 est
667 1118 739 1150 sua,
757 1117 864 1150 quam
879 1106 968 1139 mihi
985 1106 1085 1139 lucus

64 1153 191 1187 Martis
208 1158 243 1187 et
259 1153 383 1187 ⁴eEoliis
400 1153 557 1186 vicinum
573 1152 719 1197 rupibus
736 1157 880 1186 antrum

65 1199 226 1234 Vulcani.
276 1200 368 1241 Quid
386 1203 494 1243 agant
511 1199 618 1241 venti,
637 1210 724 1243 quas
741 1202 904 1243 torqueat
919 1198 1062 1233 umbras

63 1245 202 1289 AEacus,
218 1246 313 1280 unde
331 1246 420 1279 alius
437 1245 580 1278 furtivae
597 1245 748 1279 devehat
765 1257 892 1278 aurum
1149 1246 1194 1279 10

64 1291 255 1336 Pellicu]ae‚
272 1297 423 1336 quantas
435 1291 614 1336 jaculetur
630 1291 828 1336 Monychus
845 1303 956 1335 ornOS,

63 1337 251 1372 Frontonis
267 1338 405 1383 platani
421 1338 658 1381 convulsaque
674 1349 848 1371 marmora
864 1338 1020 1371 clamant

63 1384 217 1429 Semper,
234 1389 270 1418 et
286 1384 424 1418 assiduo
440 1388 556 1428 ruptae
574 1384 703 1417 lectore
720 1384 902 1418 columnae.

63 1430 255 1476 Exspectes
273 1431 394 1464 eadem
411 1442 432 1464 a
449 1441 584 1464 summo
600 1430 815 1474 minimoque
831 1435 945 1474 poeta.

63 1476 111 1510 Et
127 1489 190 1511 nos
206 1489 287 1521 ergo
303 1488 448 1510 manum
464 1476 586 1509 ferulae
604 1476 846 1520 subduximus,
864 1481 899 1510 et
916 1488 979 1510 nos

64 1523 257 1557 Consilium
274 1523 433 1557 dedimus
451 1522 568 1565 Sullae,
587 1522 746 1566 privatus
762 1526 805 1556 ut
822 1523 937 1556 altum

63 1568 249 1603 Dormiret.
298 1569 417 1603 Stulta
434 1573 486 1603 est
503 1569 699 1612 clementia,
717 1580 827 1613 quum
845 1573 898 1602 tot
915 1568 1047 1614 ubique

65 1615 215 1649 Vatibus
232 1627 400 1658 occurraS,
418 1615 585 1660 periturae
602 1626 744 1659 parcere
761 1615 902 1661 chartae„

111 1661 182 1695 Cur
198 1665 316 1695 tamen
333 1662 399 1695 hoc
415 1662 533 1706 potius
550 1661 659 1694 libeat
676 1661 856 1695 decurrere
873 1673 1007 1705 campo,

64 1707 132 1741 Per
147 1719 251 1752 quem
268 1719 417 1751 magnus
435 1719 540 1752 equos
557 1707 731 1740 Aiuuncae
747 1707 848 1741 flexit
865 1707 1038 1752 alumnus,
1148 1709 1193 1741 20

65 1753 102 1788 Si
118 1758 221 1788 vacat
239 1758 274 1788 et
290 1754 420 1799 placidi
436 1754 609 1787 rationem
625 1753 824 1797 admittitis,
842 1754 953 1788 edam.
