1284 1922
107 45 177 77 106
430 41 462 74 D
488 39 622 74 JUNII
647 38 914 73 JUVENALIS

108 109 200 143 Sunt
217 108 378 153 quaedam
395 108 561 141 vitiorum
578 108 768 141 elementa:
793 107 847 140 his
865 106 1024 151 protinus
1041 106 1123 140 illos

108 155 242 188 Imbuit
259 157 294 187 et
312 154 405 197 cogit
421 153 585 186 minimas
603 153 751 186 ediscere
770 153 893 187 sordes.

109 201 196 234 Mox
213 200 418 244 acquirendi
435 200 534 232 docet
552 199 750 232 insatiabile
767 202 897 233 votum.

110 246 296 281 Servorum
313 249 450 279 ventres
467 245 582 278 modio
600 245 749 288 castigat
766 245 897 288 iniquo,

111 292 193 336 Ipse
211 303 346 336 quoque
360 291 532 325 esuriens:
555 302 668 334 neque
682 291 775 323 enim
788 291 905 324 onmia
919 290 1067 324 sustinet
1080 301 1237 334 unquam

111 338 258 371 Mucida
275 337 413 371 caerulei
431 337 530 381 panis
548 348 750 370 consumere
766 337 888 378 frusta,

113 384 329 417 Hesternum
346 384 467 416 solitus
484 383 598 415 medio
617 393 751 415 servare
768 381 921 415 minutal

113 429 318 473 Septembri,
336 440 399 462 nec
416 440 487 462 non
504 429 641 461 differre
658 428 695 461 in
714 432 869 471 tempora
886 439 992 461 cocnae
1171 429 1238 460 130

113 475 269 508 Alterius
287 476 455 508 conchem
474 474 630 507 aestivam
647 485 726 507 cum
742 478 842 517 parte
858 473 982 507 lacerti

114 521 307 564 Signatam,
325 521 382 554 vel
399 520 543 553 dimidio
561 520 728 564 putrique
747 519 862 561 siluro,

115 567 263 610 Filaque
282 566 403 599 sectivi
420 569 603 599 numerata
619 565 797 598 includere
813 565 916 609 porri.

116 613 294 646 Invitatus
310 612 355 645 ad
372 612 447 645 haec
464 611 589 655 aliquis
607 611 648 644 de
665 615 771 655 ponte
788 611 939 654 negabit.

119 658 187 692 Sed
205 669 271 702 quo
289 658 430 691 divitias
448 658 522 690 haec
538 669 599 701 per
616 661 790 690 tormenta
807 661 954 700 coactas,

118 704 232 745 Quum
248 704 344 737 furor
360 704 455 737 haud
472 703 606 746 dubius,
625 714 733 747 quum
751 703 795 736 sit
811 703 998 736 manifesta
1015 702 1207 746 phrenesiS,

117 750 167 783 Ut
184 750 337 794 locuples
354 749 520 791 moriaris,
539 749 692 792 egentisS
711 749 826 782 vivere
843 748 939 782 fato?

119 795 259 829 Interea
275 795 377 839 pleno
395 806 502 839 quum
519 798 638 838 turget
656 795 813 828 sacculus
831 806 896 837 ore,

120 842 249 875 Crescit
267 853 361 874 amor
377 841 522 884 nunnni,
541 844 713 884 quantum
730 841 805 884 ipsa
822 840 971 884 pecunia
988 839 1098 874 crevit
1108 852 1117 879 3

118 887 166 921 Et
182 888 298 920 minus
315 887 406 920 hanc
423 890 522 930 optat
540 887 601 929 qui
617 897 689 919 non
706 886 820 920 habet.
870 886 961 929 Ergo
978 890 1122 930 paratur
1177 887 1242 918 140

120 933 242 967 Altera
259 933 343 966 villa
361 932 436 975 tibi,
455 944 564 975 quum
580 943 639 965 rus
657 943 727 965 non
744 931 871 965 sufficit
888 943 1009 975 unum,

121 979 168 1012 Et
184 979 335 1023 proferre
352 978 437 1012 libet
454 978 550 1021 fines,
567 979 743 1022 majorque
760 978 899 1011 videtur

121 1025 168 1058 Et
185 1025 306 1058 melior
322 1024 439 1058 vicina
457 1036 568 1067 seges:
593 1024 755 1057 mercaris
773 1027 808 1057 et
825 1023 915 1057 hanc
933 1027 968 1057 et

121 1070 276 1104 Arbusta
292 1074 327 1103 et
344 1070 450 1103 densa
467 1073 621 1103 montem
639 1070 698 1114 qui
716 1073 818 1103 canet
835 1070 937 1103 oliva.

124 1117 279 1157 Quorum
297 1116 325 1149 si
342 1116 453 1160 pretio
471 1116 630 1149 dominus
647 1127 717 1149 non
734 1116 888 1149 vincitur
904 1115 989 1159 ullo,

122 1162 233 1196 Nocte
250 1162 352 1195 boves
368 1162 477 1195 macri
493 1162 649 1205 lassoque
666 1162 827 1194 famelica
844 1161 930 1195 collo

123 1208 149 1241 J
151 1211 295 1241 umenta
312 1208 356 1241 ad
374 1208 500 1241 virides
517 1207 622 1251 hujus
639 1208 832 1240 mittuntur
849 1207 992 1248 aristas;

123 1253 197 1287 Nec
213 1254 309 1298 prius
326 1253 407 1286 inde
425 1253 575 1295 domum,
595 1264 699 1296 quam
717 1256 792 1286 tota
808 1253 946 1286 novalia
964 1264 1070 1287 saevos

125 1300 169 1333 In
186 1303 324 1333 ventres
341 1298 476 1341 abeant,
493 1302 535 1332 ut
552 1299 669 1332 credas
686 1299 835 1332 falcibus
852 1302 980 1333 actum.

125 1345 249 1379 Dicere
265 1345 325 1378 vix
343 1344 459 1388 possis,
478 1356 582 1387 quam
599 1344 704 1377 multi
720 1345 807 1377 talia
824 1344 969 1388 plorent,
1181 1346 1247 1378 150

125 1391 172 1424 Et
190 1394 275 1435 quot
291 1390 430 1424 venales
447 1390 577 1434 injuria
593 1390 714 1423 fecerit
732 1402 839 1433 agros⁸

126 1437 193 1471 Sed
212 1437 272 1478 qui
289 1448 460 1470 sermones
474 1439 480 1471 !
510 1448 615 1479 quain
631 1436 732 1469 foedae
748 1436 897 1470 buccina
913 1436 1015 1470 famae
1027 1437 1084 1471 2-

128 1485 249 1526 “Quid
267 1487 367 1517 nocet
385 1483 458 1516 hmc
469 1482 504 1515 2”
529 1483 655 1526 inquit.
687 1483 884 1517 “Tunicam
900 1484 987 1517 mihi
1004 1483 1096 1517 malo
1109 1483 1222 1527 lupini
1230 1487 1248 1524 2,

128 1529 240 1569 Quam
258 1528 286 1560 si
302 1539 358 1561 me
375 1530 448 1560 toto
465 1526 585 1560 laudet
602 1527 730 1561 vicinia
747 1537 846 1570 pago,

126 1573 257 1616 Exigui
275 1574 364 1606 ruris
382 1572 590 1617 paucissima
607 1572 700 1606 farra
718 1572 970 1605 secantem.’'-—

128 1619 269 1654 Scilicet
286 1623 321 1652 et
337 1618 464 1652 morbis
482 1622 517 1652 et
535 1618 716 1651 debilitate
733 1617 873 1659 carebis,

128 1665 174 1700 Et
191 1665 326 1699 luctum
344 1668 379 1698 et
396 1675 515 1697 curam
532 1664 686 1708 effugies,
704 1668 739 1698 et
756 1668 911 1708 tempora
927 1663 1010 1696 vitae

350 1726 359 1738 ⁸
379 1723 471 1756 egenti
906 1723 912 1735 ⁸
926 1721 1028 1753 lupinae
