1284 1922
79 74 103 106 4
406 72 448 106 D.
466 71 600 106 JUNH
618 71 883 105 JUVENALIS

84 139 199 180 Quum
217 141 315 172 tener
331 150 477 172 uxorem
494 139 601 173 ducat
619 139 734 183 spado,
753 139 881 172 Maevia
899 139 1050 172 Tuscum

81 184 211 229 Figat
203 196 327 229 aprum
345 189 380 218 et
397 185 493 218 nuda
511 188 629 218 teneat
646 185 819 219 venabula
835 197 988 219 mamma
1002 198 1011 227 3

85 230 250 264 patricios
267 242 384 264 omncs
402 230 524 274 opibus
542 242 650 275 quum
667 241 752 275 prov
754 235 828 264 occt
845 243 946 273 unus,

84 277 156 317 9110
174 277 341 310 tondente
358 277 473 319 gravis
485 277 610 321 juveni
627 277 714 310 mihi
731 277 838 310 balba
855 259 1023 318 sonabat3

82 323 199 363 Quum
216 334 295 366 pars
313 323 345 355 N
348 323 459 355 1111090
477 323 598 366 plebis,
617 334 726 366 quum
743 334 848 356 verna
867 323 997 367 Canopi

84 368 269 412 Crispinus,
288 368 408 411 Tyrias
426 368 569 401 humero
586 372 769 401 revocante
787 369 951 412 lacernas,

82 412 239 447 Ventilet
257 415 418 447 aestivum
436 414 555 456 digitis
574 414 780 447 sudantibus
797 425 932 458 aurum,

81 458 115 493 N
116 471 154 492 ec
172 460 312 492 sufferre
329 460 592 503 queat-majoris
609 460 762 504 pondera
779 471 924 503 gemmae
939 472 946 493 ε

80 505 231 539 Difficile
248 509 300 538 est
318 506 461 538 satiram
478 517 548 538 11011
566 505 719 539 scribere.
767 505 799 538 N
803 517 859 538 am
877 506 952 549 quis
969 505 1098 550 iniquae
1136 512 1139 513 ’
1158 507 1204 539 30

82 551 167 584 Tam
185 551 321 595 patiens
339 551 445 594 urbis,
463 554 536 584 tam
552 551 693 595 ferreus,
711 554 752 584 ut
770 554 888 584 teneat
906 563 950 593 se,

81 597 255 630 Causidici
272 608 362 630 nova
379 609 489 641 quum
506 597 625 630 veniat
641 597 766 630 lectica
784 597 972 641 Mathonis,

81 642 189 676 Plena
206 643 279 686 ipso
297 656 304 683 ;
330 648 408 686 post
426 643 520 676 hunc
537 643 657 686 magni
675 643 808 676 delator
825 643 938 686 amici,

79 688 126 722 Et
144 689 212 722 cito
229 693 394 732 rapturus
413 689 455 722 de
472 688 656 722 nobilitate
674 700 807 722 comesa

82 734 181 775 Quod
199 738 354 778 superest
370 747 378 775 ;
404 746 507 778 quem
524 734 641 767 Massa
658 735 768 775 timet,
787 745 889 778 quem
905 746 1049 768 munere
1066 734 1187 779 palpat

80 781 195 823 Carus,
215 784 249 813 et
266 792 287 813 a
304 780 439 824 trepido
457 780 624 823 Thymele
642 780 811 813 submissa
829 780 954 813 Latino
970 793 977 820 3

80 826 195 866 Quum
212 830 247 859 te
266 826 492 859 submoveant
509 826 570 870 qui
587 830 798 859 testamenta
815 831 994 859 merentur

79 871 258 915 Noctibus,
277 872 313 904 111
331 872 456 905 coelum
473 883 557 916 quos
575 872 691 905 evehit
708 872 840 916 optima
858 872 985 905 summi

79 917 112 950 N
114 929 183 950 unc
201 918 257 951 via
274 929 460 961 processus,
478 918 606 951 vetulae
623 918 737 951 vesica
754 917 864 951 beatae
880 918 891 951 2

80 963 264 996 Unciolam
282 963 483 997 Proculeius
500 963 615 1007 habet,
634 964 693 996 sed
712 963 801 996 Gillo
819 964 997 1006 deuncem,
1155 966 1202 997 40

80 1009 201 1042 Partes
218 1009 364 1053 quisque
382 1021 460 1042 suas
478 1010 522 1042 ad
539 1021 738 1042 mensuram
754 1009 909 1052 inguinis
927 1009 1034 1043 heres,

79 1054 240 1099 Accipiat
258 1066 339 1088 sane
356 1055 549 1088 mercedem
566 1055 746 1098 sanguinis
763 1059 798 1088 et
816 1055 864 1088 sic

79 1100 224 1144 Palleat,
244 1105 283 1134 ut
299 1101 402 1133 nudis
420 1101 544 1144 pressit
563 1101 623 1144 qui
641 1101 793 1134 calcibus
810 1112 970 1144 anguem,

78 1146 152 1180 Aut
169 1146 438 1189 Lugdunensem
454 1146 571 1179 rhetor
588 1147 745 1180 dicturus
762 1147 807 1179 ad
824 1158 920 1179 aram
935 1148 941 1180 l

126 1193 218 1234 Quid
235 1192 390 1235 referam,
409 1196 541 1235 quanta
559 1192 689 1225 siccum
701 1194 802 1236 jecur
818 1193 939 1225 ardeat
955 1192 1017 1235 ira,

80 1238 197 1279 Quum
214 1238 383 1282 populum
400 1237 562 1281 gregibus
580 1239 747 1271 comitum
763 1242 900 1282 premat
918 1239 975 1271 hic
994 1238 1161 1283 spoliator

79 1284 212 1328 Pupilli
229 1284 417 1328 prostantis
433 1284 445 1317 ⁴?
471 1284 516 1316 Et
533 1284 590 1317 hic
608 1284 795 1317 damnatus
812 1285 910 1317 inani

78 1330 104 1364 J
108 1331 221 1363 udicio
240 1330 339 1374 (quid
357 1330 449 1362 0111111
468 1329 570 1363 salvis
587 1330 733 1363 infamia
750 1330 902 1362 nummis
913 1329 940 1373 ἵ)

78 1376 187 1409 Exsul
206 1376 249 1410 ab
266 1380 389 1409 octava
405 1376 539 1409 Marius
556 1375 644 1409 bibit
662 1380 696 1409 et
713 1376 842 1409 fruitur
858 1375 923 1409 Dis

79 1422 199 1456 Iratis:
226 1426 263 1455 at
281 1426 322 1455 tu
339 1422 466 1455 victrix
484 1422 663 1465 provincia
680 1422 793 1465 ploras
809 1425 815 1457 ἔ
1156 1424 1200 1456 50

125 1468 211 1500 Haec
228 1479 290 1511 ego
307 1479 377 1500 non
395 1467 532 1500 credam
551 1468 729 1501 Venusina
746 1468 853 1511 digna
870 1467 1012 1501 lucerna
1026 1467 1038 1501 ’ἒ

83 1513 165 1547 Haec
183 1525 245 1556 ego
263 1525 332 1546 non
349 1514 480 1556 agitem
495 1513 506 1546 ’ἒ
533 1512 600 1546 Sed
617 1514 701 1557 quid
717 1514 829 1557 magis
848 1514 1038 1547 Heracleas

78 1560 151 1592 Aut
168 1559 372 1593 Diomedeas
390 1563 452 1592 aut
468 1559 645 1602 mugitum
663 1559 880 1603 Labyrintffi,

77 1605 124 1638 Et
141 1617 235 1638 mare
252 1616 452 1649 percussum
470 1616 576 1648 puero
593 1604 800 1648 fabrumque
817 1605 1003 1649 volantem,

79 1651 195 1691 Quum
213 1651 290 1684 leno
307 1651 456 1694 accipiat
475 1651 600 1683 moechi
617 1651 715 1693 bona,
735 1651 763 1683 si
780 1651 940 1694 capiendi

78 1696 145 1729 Jus
163 1697 301 1729 nullum
318 1697 428 1739 uxori,
447 1696 567 1729 doctus
586 1700 740 1740 spectare
758 1697 910 1738 lacunar,

80 1742 210 1777 Doctus
229 1750 262 1776 et
279 1742 324 1776 ad
342 1742 485 1776 calicem
502 1742 665 1786 vigilanti
683 1746 825 1776 stertere
842 1754 924 1776 naso
938 1755 947 1784 3
