1284 1922
96 46 111 76 1
118 47 161 79 24
571 47 740 83 PERSII.

94 112 141 146 Et
156 113 254 146 focus
271 115 307 146 et
323 113 418 157 porci
435 116 469 147 et
485 114 622 149 fumosa
639 115 767 149 Palilia
784 115 898 157 foen03

98 156 214 199 (Unde
232 159 369 202 Remus,
388 159 551 204 sulcoque
567 164 681 194 terens
699 161 864 205 dentalia,
884 162 1016 205 Quinti,

97 202 232 244 Quuma
249 205 386 248 trepida
403 209 484 239 ante
501 206 604 240 boves
621 207 826 241 dictatorem
843 208 961 241 induit
977 219 1077 252 uxor,

95 250 143 284 Et
160 255 222 284 tua
239 255 355 284 aratra
372 251 513 284 domum
529 252 631 286 lictor
647 252 759 297 tulit.)
808 253 917 297 Euge,
935 257 1057 297 poeta!

143 296 207 330 Est
223 308 317 329 nunc
334 296 464 330 Briseib
479 309 583 342 quem
599 310 745 332 venosus
762 299 850 332 liber
866 300 963 343 Acci,

98 341 188 376 Sunt
205 354 288 386 quos
306 342 550 388 Pacuviusque
567 348 602 378 et
619 356 801 378 verrucosa
817 349 970 379 moretur

98 388 262 432 Antiopa,
280 388 299 405 “
310 389 478 422 oerumm‘s
495 401 552 423 cor
567 390 781 435 luctq'ficabile
789 390 923 435 fulta.”

99 433 173 467 Hos
189 434 306 478 pueris
322 435 476 468 monitus
494 439 610 479 patres
626 436 811 470 infundere
828 437 941 480 lippos

101 480 217 521 Quum
233 480 361 524 videas,
379 481 559 524 quaerisne,
576 482 669 514 unde
687 482 761 515 haec
779 486 916 526 sartago
932 482 1098 527 loquendi
1173 485 1218 517 80

100 525 245 559 Venerit
262 526 300 559 in
316 526 474 570 linguas3
498 527 591 560 unde
607 527 702 560 istud
720 528 878 571 dedecus,
896 529 934 561 in
951 540 1019 573 quo

101 571 281 604 Trossulus
299 573 454 605 exsultat
470 572 536 605 tibi
552 584 614 617 per
630 573 793 607 subsellia
809 574 918 608 levis?

100 617 206 651 Nilne
223 618 333 662 pudet
350 618 458 662 capiti
473 630 543 652 non
560 630 658 663 posse
675 620 830 663 pericula
847 631 933 654 cano

101 663 246 707 Pellere,
263 664 350 707 quin
367 665 526 708 tepidum
544 664 608 698 hoc
625 670 722 709 optes
740 666 870 709 audire,
888 666 1038 700 decenter
1049 665 1066 700 2

148 709 221 742 Fur
237 721 283 753 es,
300 710 350 743 ait
368 710 484 744 Pedio.
533 710 661 744 Pedius
679 711 786 755 quid?
813 712 959 746 crimina
974 712 1061 746 rasis

102 754 224 788 Librat
240 755 278 788 in
295 756 489 799 antithetis,
508 756 629 790 doctus
641 763 652 778 ⁰
670 757 825 801 posuisse
841 758 979 801 figuras.

103 801 303 835 Laudatur:
329 801 461 835 bellum
477 802 561 838 hoc!
589 802 654 835 hoc
671 803 825 836 bellum?
850 815 905 845 an,
925 803 1081 847 Romule,
1099 803 1220 839 ceves‘e

103 846 198 880 Men’
215 847 376 881 moveat'.²
403 848 533 892 quippe
550 852 594 891 et,
612 852 731 882 cantet
748 849 777 882 si
793 850 995 893 naufragus,
1013 861 1124 883 assem

105 892 325 927 Protulerim.
359 898 489 937 cantas,
507 905 615 938 quum
632 894 744 928 fracta
761 899 796 928 te
812 895 850 928 in
867 895 965 929 trabe
982 896 1118 940 pictum

105 938 161 971 Ex
178 939 322 972 humero
338 939 501 984 portasd2
529 940 668 983 Verum,
685 952 750 974 nec
767 944 869 974 nocte
885 945 1058 985 paratum,
1178 943 1222 976 90

106 984 262 1018 Plorabit
278 985 338 1029 qui
354 997 410 1018 me
427 986 520 1020 volet
536 986 734 1020 incurvasse
751 987 901 1030 querela.

153 1031 171 1047 “
185 1031 252 1064 Sed
268 1032 421 1065 numeris
438 1032 539 1065 decor
556 1036 608 1065 est
625 1036 660 1065 et
672 1033 841 1076 junctura
857 1033 978 1066 addita
994 1032 1120 1067 crudis.

107 1076 275 1110 Claudere
293 1078 341 1110 sic
358 1090 495 1112 versum
512 1078 636 1111 didicit
653 1078 880 1123 Berecyntius
897 1079 992 1112 Attis
1000 1088 1025 1123 e,

110 1119 154 1156 Et
173 1123 232 1166 qui
249 1124 437 1157 caeruleum
455 1124 640 1157 dirimebat
655 1124 768 1158 Nerea
785 1125 950 1168 delphin3

108 1169 164 1203 Sic
182 1173 312 1203 costam
329 1170 432 1213 longo
449 1169 678 1203 subduximus
694 1170 889 1214 Apennino.

108 1216 222 1249 Arma
238 1216 365 1258 virum,
382 1227 497 1249 nonne
513 1215 578 1248 hoc
596 1227 796 1259 spumosum
813 1220 847 1249 et
864 1215 990 1249 cortice
1006 1215 1142 1260 pingui,

109 1261 159 1295 Ut
174 1261 305 1294 ramale
321 1265 432 1305 vetus,
449 1262 647 1305 praegrandi
663 1261 783 1294 subere
800 1265 938 1295 coctum
948 1261 982 1295 2³²

111 1307 286 1348 Quidnam
302 1307 410 1350 igitur
425 1311 596 1349 tenerum,
613 1312 648 1340 et
664 1307 746 1340 laxa
763 1308 894 1341 cervice
911 1306 1122 1351 legendum?

114 1353 227 1387 Torva
245 1352 482 1386 Mimalloneis
498 1353 689 1397 implerunt
705 1364 837 1386 cornua
854 1352 989 1397 bombis,

110 1399 159 1433 Et
177 1405 319 1444 raptum
335 1399 443 1433 vitulo
461 1405 565 1444 caput
581 1398 741 1432 ablatura
757 1398 898 1444 superbo
1159 1398 1227 1430 100
1282 1402 1284 1406 ⁴

111 1445 284 1487 Bassaris,
302 1451 331 1479 et
347 1445 480 1490 lyncem
495 1444 630 1479 stloenas
637 1445 782 1488 flexura
798 1443 966 1489 corymbis

111 1491 235 1525 Euion
251 1491 447 1535 iwyeminat
457 1501 469 1524 .·
495 1490 703 1535 repa-rabilis
718 1497 856 1524 assonat
873 1490 977 1525 Echo.

113 1537 199 1570 Haec
216 1537 348 1579 fierent,
367 1537 396 1569 si
412 1537 568 1570 testiculi
584 1548 673 1570 vena
690 1536 763 1569 ulla
779 1536 918 1580 paterni

113 1582 255 1618 Viveret
271 1584 309 1616 in
326 1582 447 1617 nobis?
472 1594 608 1616 summa
625 1581 786 1615 delumbe
803 1582 912 1616 saliva

224 1702 234 1714 ⁴
254 1703 335 1726 quem
481 1692 492 1709 ¹⁷
513 1694 612 1718 Briseis
744 1699 754 1711 ἑ
774 1693 868 1718 doctas
1001 1690 1012 1708 ‘¹
1031 1695 1121 1726 portes

574 1734 584 1746 θ
605 1730 674 1761 Atys
701 1729 779 1754 Attin
