1284 1922
79 83 124 114 84
395 79 436 113 D.
462 78 595 113 JUNII
620 77 885 112 JUVENALIS

125 148 144 166 ‘⁴
157 147 217 181 Nil
234 158 314 190 ergo
332 146 504 190 optabunt
521 146 678 179 homines
696 145 730 178 Τ
781 144 819 177 Si
837 145 1019 178 eonsilium
1036 145 1098 188 vis,

80 192 266 225 Permittes
283 193 366 236 ipsis
384 192 579 236 expendere
595 191 806 235 numinibus,
824 193 911 235 quid

82 238 273 272 Conveniat
290 238 397 275 nobis,
416 237 587 281 rebusque
605 237 649 270 sit
666 237 753 270 utile
770 238 905 271 nostris.

81 284 174 317 Nam
190 295 252 328 pro
264 284 431 327 jucundis
448 283 629 327 aptissima
646 294 792 326 quaeque
810 282 945 316 dabunt
962 283 1019 317 Di.

83 329 199 362 Carior
216 333 267 362 est
284 330 354 362 illis
371 329 482 372 homo,
500 340 605 372 quam
623 329 695 362 sibi.
744 329 814 362 Nos
832 329 1027 362 animorum
1136 330 1204 362 350

84 375 245 419 Impulsu
261 379 296 408 et
314 387 404 408 caeca
420 386 617 418 magnaque
635 374 802 426 cupidine·
816 375 914 408 ducti

84 421 292 465 Conjugium
308 421 460 473 petimus
477 424 687 464 partumque
703 421 840 454 uxoris:
865 424 902 453 at
919 421 989 453 illis

84 467 226 509 Notum,
244 467 305 510 qui
322 467 423 511 pueri
440 466 621 509 qualisque
638 466 760 498 futura
777 467 822 499 sit
838 478 936 499 uxor.

84 512 135 546 Ut
153 516 271 546 tamen
288 517 322 545 et
339 523 458 556 poscas
476 512 619 555 aliquid,
637 523 828 555 voveasque
845 512 979 545 sacellis

85 558 188 600 Exta,
206 562 241 591 et
259 558 438 591 candiduli
455 557 574 590 divina
592 557 767 590 tomacula
783 557 896 601 porci:

87 604 267 637 Orandum
284 608 345 647 est,
362 608 403 636 ut
423 603 468 636 sit
485 614 581 636 mens
600 615 683 636 sana
700 603 737 635 111
755 615 893 647 corpore
911 615 1004 637 sano.

85 649 226 683 Fortem
243 661 343 693 posce
360 649 525 691 animum,
543 649 664 681 mortis
681 653 810 681 terrore
828 655 1011 693 carentem,

88 695 157 736 Qui
175 696 328 739 spatium
344 695 427 728 vitae
444 699 641 727 extremum
659 695 751 727 inter
767 706 913 728 munera
929 700 1036 739 ponat

86 741 243 783 Naturae,
262 741 322 781 (1111
338 741 428 774 ferre
446 744 551 785 queat
569 751 792 783 quoscunque
809 740 951 784 labores,

87 787 120 820 N
123 787 229 820 esciat
246 783 356 829 irasci,
375 787 494 830 cupiat
512 786 602 819 nihil
619 790 654 819 et
671 786 820 829 potiores
1143 789 1211 821 360

89 832 251 866 Herculis
269 844 440 866 aerumnas
458 832 576 865 credat
594 843 769 875 saevosque
786 832 919 865 labores

89 878 135 911 Et
153 878 287 911 Venere
305 882 339 911 et
356 878 461 911 coenis
480 882 514 911 et
531 877 651 921 pluma
669 877 906 921 Sardanapali.

89 924 246 957 Monstro
264 924 355 968 quod
372 924 446 967 ipse
463 924 528 956 tibi
545 923 653 967 possis
671 923 768 956 darc:
795 925 918 956 semita
935 928 1027 957 certe

90 970 302 1013 Tranquillae
318 981 380 1014 per
397 970 565 1002 virtutem
581 972 680 1012 patet
697 969 802 1002 unica
819 969 910 1003 vitae.

91 1015 239 1048 Nullum
255 1027 386 1048 numen
403 1015 510 1057 abest,
529 1014 557 1047 si
574 1015 618 1047 sit
636 1015 846 1048 Prudentia:
872 1027 932 1048 nos
951 1019 994 1058 te,

91 1061 161 1095 Nos
177 1062 336 1105 facimus,
354 1061 519 1104 Fortuna,
536 1060 648 1094 Deam
665 1061 818 1105 coeloque
835 1061 998 1097 locamus.

557 1208 750 1219 mmmm

497 1298 725 1334 SATIRA
764 1298 826 1335 XI.

97 1384 258 1417 Ammcns
276 1382 402 1416 eximie
420 1382 448 1416 si
466 1386 587 1424 coenat,
605 1382 724 1416 lautus
740 1383 888 1417 habetur
903 1395 911 1418 :

98 1430 135 1463 Si
154 1430 304 1472 Rutilus,
322 1429 472 1462 demens.
521 1429 613 1470 Quid
631 1429 724 1462 enim
739 1431 868 1471 majore
886 1430 1054 1463 cachinno

98 1476 285 1518 Excipitur
302 1475 409 1518 vulgi,
428 1486 531 1518 quam
549 1486 681 1519 pauper
698 1474 841 1519 Apicius
858 1475 869 1508 2
919 1475 1038 1509 Omnis

101 1521 297 1563 Convictus,
315 1521 469 1563 thermae,
489 1521 664 1563 stationes,
681 1532 781 1554 omne
798 1521 975 1554 theatrum

100 1567 152 1599 De
171 1567 299 1600 Rutilo.
348 1566 439 1599 Nam
456 1566 541 1599 dum
558 1566 674 1599 valida
690 1578 730 1600 ac
742 1567 922 1610 juvenalia
937 1567 1092 1601 membra

101 1612 287 1645 Sufficiunt
304 1612 420 1655 galeae,
439 1612 592 1655 dumque
609 1612 733 1646 ardens
751 1613 927 1656 sanguine,
944 1613 1065 1656 fertur,

103 1658 199 1701 (Non
217 1662 360 1700 cogente
378 1657 527 1701 quidem⁷
546 1658 604 1690 sed
622 1669 686 1691 nec
702 1658 906 1702 prohibente
923 1658 1088 1702 t1·ibun0‚)

103 1704 301 1747 Scripturus
318 1703 410 1746 leges
428 1707 462 1736 et
479 1703 575 1745 regia
591 1703 694 1737 verba
711 1704 854 1737 lanistae.

103 1749 236 1782 Multos
253 1760 352 1793 porro
370 1749 474 1792 vides,
493 1760 577 1792 quos
595 1760 683 1794 saepe
701 1750 815 1783 elusus
832 1750 876 1783 ad
893 1749 1008 1794 ipsum
