1284 1922
47 72 92 106 76
371 71 414 105 D.
432 69 566 105 JUNII
583 68 851 104 JUVENALIS

48 139 146 183 Ipsas
163 138 289 172 deinde
305 142 398 171 rotas
415 138 576 182 bigarum
593 138 747 181 impacta
764 137 892 170 securis

48 185 169 228 Caedit,
186 189 221 218 et
238 184 421 217 immeritis
438 185 654 227 franguntur
671 194 772 216 crura
789 182 941 216 caballis.
1125 183 1168 215 60

47 231 73 264 J
75 242 133 264 am
150 230 305 264 stridunt
321 230 429 273 ignes,
439 231 515 274 jam
531 229 672 262 follibus
689 233 796 272 atque
813 228 958 261 caminis

48 276 160 310 Ardet
176 276 361 310 adoratum
377 275 506 320 populo
523 278 641 319 caput,
659 278 694 308 et
711 279 830 318 crepat
847 275 970 318 ingens

49 321 196 366 Sejanus
210 334 216 355 :
244 322 370 355 deinde
387 333 431 354 ex
447 321 537 355 facie
554 325 628 354 toto
645 320 725 354 orbe
743 321 895 354 secunda

49 367 159 401 Fiunt
175 367 315 410 urceoli,
332 367 460 412 pelves,
478 371 625 410 sartago,
642 366 792 411 patellae.

53 415 178 448 “Pone
194 415 287 448 domi
304 415 428 458 lauros,
447 416 514 448 duc
530 417 569 448 in
588 416 759 458 Cap1tolia
775 424 945 456 maguum
996 444 1000 446 .

54 461 302 504 cretatumque
319 461 443 494 bovem
458 473 464 494 :
491 461 635 505 Sejanus
653 460 794 493 ducitur
809 470 900 492 unco

54 506 271 550 spectandus
287 509 293 541 !
321 507 476 550 gaudent
493 518 620 540 omnes.
671 506 756 546 Quae
773 505 871 538 labra
884 504 896 537 ’ἒ
922 504 999 548 quis
1017 503 1070 537 illi

55 552 184 585 Vultus
201 556 276 585 erat
291 552 303 586 2
329 564 519 596 nunquam,
539 553 567 585 si
584 552 669 596 quid
686 551 774 584 mihi
792 551 911 591 credis,
929 550 1044 583 amavi

54 598 161 631 Hunc
174 597 383 632 hominem.⁷⁷
418 598 514 631 “Sed
527 609 596 642 quo
609 597 734 631 cecidit
748 596 812 630 sub
826 595 992 629 crimine?
1017 594 1179 639 quisnam

54 643 223 676 Delator2
249 643 375 687 quibus
392 644 540 686 indiciis,
561 655 628 688 quo
647 648 734 676 teste
753 642 913 688 probarit
926 641 960 674 2³³
1133 642 1178 674 70

56 689 148 722 “Nil
166 689 290 722 horum
305 702 312 724 :
338 689 481 723 verbosa
497 695 532 723 et
549 689 690 733 grandis
708 688 854 733 epistola
871 688 967 721 venit

54 736 85 767 A
104 735 275 779 Capreis.⁷'
319 739 341 752 “
352 736 447 769 Bene
465 735 571 769 habet
586 747 594 776 3
619 735 671 767 nil
688 735 768 779 plus
785 734 969 776 interrogo.
1010 731 1078 766 Sed
1095 731 1182 776 quid

54 780 170 814 Turba
187 781 288 815 Remi
302 781 336 815 '2³’
387 784 408 798 “
420 781 585 824 Sequitur
601 781 789 821 fortunam,
806 784 848 812 ut
866 790 1008 824 semper,
1024 783 1060 813 et
1077 779 1151 812 odit

54 824 257 857 Damnatos.
306 824 405 857 Idem
422 825 582 868 populus,
600 824 629 857 si
645 824 678 857 N
680 824 774 857 urtia
791 824 901 857 Tusco

55 870 83 903 F
85 870 223 912 avisset,
241 870 269 902 si
287 880 448 914 oppressa
465 870 554 903 foret
572 881 691 903 secura,
709 874 868 902 senectus

55 916 239 959 Principis,
257 915 322 949 hac
340 916 416 958 ipsa
433 915 599 959 Sejanum
616 916 747 948 diceret
764 915 849 948 hora,

55 962 267 1005 Augustum.
316 961 401 995 Jam
418 961 562 1005 pridem,
581 973 624 994 ex
642 972 710 1005 quo
728 960 894 1004 suffragia
910 960 1002 993 nulli

57 1007 260 1050 Vendimus,
279 1007 403 1040 effudit
421 1019 528 1041 curas.
577 1007 669 1040 Nam
686 1007 747 1050 qui
764 1007 871 1040 dabat
888 1007 972 1040 olim

59 1053 262 1097 Imperium,
279 1053 400 1095 fasces,
418 1053 580 1096 legiones,
599 1053 726 1096 omnia,
743 1064 838 1085 nunc
856 1064 891 1085 se

58 1099 231 1141 Continet,
249 1103 356 1142 atque
373 1100 460 1133 duas
478 1103 620 1132 tantum
636 1110 690 1132 res
707 1098 835 1132 anxius
852 1101 961 1142 optat,
1135 1100 1180 1131 80

58 1145 189 1178 Panem
208 1148 243 1177 et
262 1143 468 1178 Circenses.”
519 1146 539 1161 “
550 1144 726 1177 Perituros
743 1144 848 1177 audio
865 1143 1029 1178 multos.”

60 1191 122 1223 “N
126 1191 152 1223 il
170 1190 336 1223 dubium:
363 1201 493 1233 magna
510 1194 561 1223 est
579 1190 757 1223 fornacula
773 1202 780 1223 ε
805 1190 997 1233 pallidulus
1015 1189 1064 1223 mi

58 1236 242 1269 Brutidius
260 1247 355 1268 meus
372 1236 416 1268 ad
435 1236 559 1269 Martis
576 1236 646 1268 fuit
663 1235 785 1268 obvius
803 1246 909 1268 aram.

60 1282 173 1322 Quam
190 1282 308 1322 timeo,
326 1282 440 1315 victus
457 1293 500 1315 ne
518 1292 636 1325 poenas
653 1281 773 1324 exigat
791 1282 892 1325 Ajax,

60 1327 112 1360 Ut
127 1327 219 1360 male
237 1327 399 1361 defensus
414 1326 444 1362 !”
479 1330 499 1343 “
511 1330 701 1360 Curramus
718 1327 913 1370 praecipites
932 1331 977 1366 et,

59 1373 154 1406 Dum
166 1374 262 1417 jacet
281 1373 317 1405 in
334 1373 421 1417 ripa,
439 1372 611 1406 calcemus
631 1373 770 1406 Caesaris
788 1372 953 1406 hostemff’

62 1422 80 1434 ‘⁴
93 1418 159 1452 Sed
179 1418 321 1452 videant
340 1419 438 1460 servi,
455 1430 499 1452 ne
516 1419 594 1462 quis
611 1422 716 1462 neget
732 1422 767 1452 et
784 1419 950 1461 pavidum
968 1419 1077 1463 injus

60 1464 199 1498 Cervice
217 1464 360 1498 astricta
377 1464 558 1497 dominum
575 1464 724 1498 trahat?
773 1464 822 1497 Hi
839 1475 1009 1498 sermones
1112 1468 1114 1470 ’

63 1507 161 1541 Tunc
179 1507 221 1541 de
239 1508 372 1551 Sejano,
391 1512 522 1542 secreta
538 1509 613 1542 haec
629 1520 811 1543 murmura
827 1509 934 1552 vulgi.

64 1553 171 1586 Visne
189 1553 335 1587 salutari
352 1554 441 1588 sicut
460 1555 605 1597 Sejanus
620 1554 632 1587 2
658 1554 785 1588 habere
1137 1557 1183 1588 90

64 1599 287 1632 Tantundem
304 1603 409 1644 atque
426 1600 479 1633 illi
497 1612 649 1633 summas
671 1601 798 1634 donare
816 1601 962 1643 curules,

65 1643 173 1677 Illum
191 1645 401 1678 exercitibus
418 1657 615 1690 praeponere
630 1646 642 1679 'l
667 1650 764 1679 tutor
780 1647 901 1680 haberi

64 1690 237 1734 Principis
255 1695 406 1734 angusta
425 1692 633 1736 Caprearum
651 1692 688 1725 in
704 1704 790 1736 rupe
809 1692 960 1725 sedentis

65 1736 152 1770 Cum
168 1747 273 1780 grege
290 1737 472 1771 Chaldaeo?
499 1738 560 1772 Vis
577 1742 670 1772 certe
687 1738 769 1782 pila,
787 1739 954 1782 cohortes,
