1284 1922
483 63 655 97 SATIRA
681 63 748 98 III.

56 127 263 162 Concutitur
277 139 286 168 ;
310 127 380 170 flet,
399 127 427 160 si
443 127 603 161 lacrimas
621 129 800 172 conspexit
816 129 930 171 amici,

57 172 129 207 Nec
147 172 240 206 dolet
255 185 262 213 ;
288 173 481 216 igniculum
499 172 630 206 brumae
648 174 676 206 si
694 178 847 216 tempore
863 184 992 215 poscas,

56 218 194 262 Accipit
212 218 447 251 endromidem
463 231 470 258 3
496 218 524 250 si
541 218 681 261 dixeris,
701 219 719 236 “
729 217 884 261 AEstu0,”
902 219 1014 253 sudat.

55 263 89 296 N
90 274 134 296 on
151 274 270 296 sumus
287 274 368 306 ergo
384 275 484 308 pares
498 275 504 296 :
529 263 660 305 melior,
679 264 739 306 qui
757 275 890 308 semper
907 267 942 297 et
957 263 1053 298 omni

55 307 165 342 Nocte
182 308 306 352 dieque
323 312 438 353 potest
454 309 607 342 alienum
625 320 758 342 sumere
775 310 924 353 vultum,

54 353 86 387 A
103 354 192 387 facie
204 355 338 397 jactare
355 365 488 397 manus,
505 354 648 387 laudare
664 358 816 398 paratuS‚

54 398 91 432 Si
107 399 194 432 bene
210 399 373 442 ructavit,
392 400 420 432 si
437 403 571 432 rectum
587 400 717 432 minxit
733 400 874 443 amicus,

53 444 90 477 Si
108 444 215 478 trulla
231 445 366 478 inverso
384 445 554 488 crepitum
571 445 668 478 dedit
685 456 790 478 aurea
806 445 924 480 fundo.

53 489 226 523 Praeterea
242 494 403 524 sanctum
420 490 510 522 nihil
527 494 578 523 est
595 494 631 523 et
647 490 691 524 ab
707 491 852 534 inguine
870 494 988 524 tutum
1003 502 1010 525 :

51 534 130 568 Non
147 540 307 568 matrona
324 536 415 578 laris,
432 547 503 568 non
519 535 594 569 filia
610 536 717 579 virgo,
734 547 845 580 neque
863 537 936 580 ipse

51 579 203 624 Sponsus
221 580 306 614 levis
323 581 447 623 adhuc,
465 592 535 614 non
551 581 644 614 filius
662 585 743 614 ante
760 582 917 625 pudicus.

52 624 188 658 Horum
205 626 234 658 si
250 626 340 659 nihil
357 630 419 669 est,
437 627 552 660 aviam
568 626 748 670 resupinat
766 627 878 660 amici.

51 670 144 704 Scire
161 671 284 704 volunt
302 676 432 704 secreta
449 672 570 704 domus
587 676 692 715 atque
708 672 790 704 inde
808 672 932 705 timeri.

96 716 143 749 Et
160 717 322 760 quoniam
340 717 444 760 coepit
463 717 659 750 Graecorum
675 717 815 759 mentio,
834 717 944 750 transi

51 761 238 805 Gymnasia
255 766 360 806 atque
376 763 460 795 audi
477 762 613 796 facinus
630 763 768 806 majoris
786 762 916 796 abollae.

50 805 186 840 Stoicus
203 807 329 840 occidit
346 808 501 850 Baream,
520 807 653 841 delator
669 808 831 849 amicum,

49 851 336 897 Discipulumque
354 864 468 895 senex,
485 853 562 896 ripa
579 853 736 886 nutritus
752 853 790 886 in
806 853 877 895 illa,

50 897 106 930 Ad
123 909 227 941 quam
245 898 416 941 Gorgonei
433 898 574 942 delapsa
591 902 643 931 est
660 899 768 942 pinna
785 898 920 932 caballi.

47 941 127 975 Non
144 947 196 976 est
214 943 368 976 Romano
385 944 549 986 cuiquam
565 943 661 976 locus
678 943 745 985 hie,
762 943 824 976 ubi
840 947 965 987 regnat

49 986 258 1031 Protogenes
275 988 403 1032 aliquis
419 989 474 1022 vel
491 988 655 1031 Diphilus
672 992 735 1021 aut
751 988 949 1023 Erimarcus
957 991 982 1033 ⁴¹,

49 1032 116 1073 Qui
133 1034 248 1077 gentis
265 1034 351 1066 vitio
369 1044 550 1077 nunquam
566 1033 719 1076 partitur
735 1034 897 1075 amicum,

47 1077 146 1111 Solus
164 1079 278 1112 habet.
326 1079 417 1112 Nam
435 1090 543 1122 quum
559 1079 698 1112 facilem
715 1079 863 1113 stillavit
879 1080 916 1113 in
933 1091 1052 1114 aurem

46 1122 226 1167 Exiguum
244 1124 286 1158 de
302 1127 437 1157 naturae
455 1124 648 1168 patriaeque
666 1135 808 1167 veneno,

46 1167 183 1202 Limine
201 1180 416 1202 summoveor
430 1181 439 1210 ;
464 1169 642 1212 perierunt
659 1173 815 1213 tempora
831 1169 927 1213 longi

45 1212 194 1248 Servitii.
242 1215 425 1258 Nusquam
441 1215 554 1247 minor
571 1218 622 1248 est
633 1216 774 1258 jactura
791 1215 936 1249 clientis.

93 1260 191 1300 Quod
208 1271 308 1304 porro
325 1260 486 1302 officium,
503 1271 548 1292 ne
563 1260 662 1292 nobis
680 1260 848 1303 blandiar,
866 1265 928 1294 aut
946 1261 1038 1305 quod

45 1303 212 1349 Pauperis
229 1305 286 1338 hic
302 1306 476 1347 meritum,
496 1306 524 1337 si
541 1309 638 1338 curet
655 1309 756 1338 nocte
774 1310 915 1349 togatus

45 1349 197 1392 Currere,
215 1362 322 1394 quum
341 1351 473 1383 Praetor
489 1350 646 1383 lictorem
663 1350 821 1393 impellat
838 1355 873 1384 et
889 1352 940 1385 ire

44 1393 264 1439 Praecipitem
276 1396 410 1439 jubeat,
428 1395 562 1428 dudum
578 1395 807 1438 vigilantibus
825 1396 924 1439 orbis,

43 1439 98 1474 Ne
114 1442 206 1484 prior
223 1440 386 1474 Albinam
404 1445 439 1474 et
457 1441 612 1473 Modiam
629 1441 760 1484 collega
778 1441 906 1476 salutet
919 1441 932 1475 ‘3

43 1483 173 1519 Divitis
190 1486 246 1519 hic
264 1487 352 1520 servi
370 1487 504 1520 claudit
520 1486 613 1518 latus
631 1486 862 1528 ingenuorum

43 1528 174 1564 Filius:
199 1531 288 1565 alter
304 1532 406 1573 enim,
424 1535 594 1575 quantum
612 1532 648 1564 in
665 1531 799 1574 legione
817 1531 949 1566 tribuni

43 1574 241 1620 Accipiunt,
259 1577 366 1610 donat
384 1577 535 1610 Calvinae
553 1577 608 1610 vel
626 1577 787 1618 Catienae,

44 1619 94 1654 Ut
111 1622 214 1655 semel
230 1626 334 1666 atque
352 1623 479 1656 iterum
497 1634 598 1666 super
615 1622 712 1655 illam
729 1622 898 1667 palpitet:
923 1626 961 1657 at
978 1626 1029 1666 tu,

45 1664 161 1707 Quum
177 1667 242 1701 tibi
258 1668 377 1702 vestiti
392 1668 498 1702 facies
516 1668 619 1701 scorti
635 1668 760 1712 placet,
778 1668 886 1703 haeres

502 1725 512 1741 ¹³
532 1725 702 1750 Hermarcns

611 1770 629 1794 0

1135 65 1175 98 17

1106 537 1171 569 110

1102 990 1166 1022 120

1097 1443 1164 1475 130
