1284 1922
93 77 140 108 20
415 74 458 107 D.
484 73 618 108 ‚JUNH
644 73 910 108 JUVENALIS

92 143 245 187 Jamque
262 146 363 176 vetus
382 142 515 175 Graecos
533 141 690 175 servabat
707 142 795 175 cista
811 141 955 184 libellos,

92 188 139 222 Et
157 189 276 221 divina
293 188 383 231 opici
399 187 567 225 rodebant
584 188 738 221 carmina
755 199 878 220 mures.

91 234 153 267 Nil
170 233 294 267 habuit
311 231 440 266 Codrus
455 245 461 266 :
487 233 563 276 quis
581 233 674 265 enim
690 232 821 275 negat?
847 236 882 265 et
899 235 1017 265 tamen
1033 231 1122 264 illud

93 279 254 312 Perdidit
270 278 395 311 infelix
412 282 528 312 totum
544 278 633 311 nihil
648 290 655 312 :
681 278 826 311 ultimus
844 281 963 311 autem
1161 270 1166 282 ⁵

92 325 272 357 AErumnae
290 324 461 365 cumulus,
480 323 571 367 quod
588 324 724 357 nudum
742 328 776 357 et
795 324 924 356 frustra
943 325 1123 366 rogantem

93 370 204 403 Nemo
223 370 308 413 cibo,
325 380 428 402 nemo
445 369 595 413 hospitio
612 373 774 412 tectoque
786 368 937 412 juvabit.
1147 367 1215 400 210

97 415 134 449 Si
150 427 279 458 magna
295 415 473 448 Asturici&
490 415 615 447 cecidit
633 415 764 457 domus,
775 414 916 447 horrida
932 417 1053 456 mater,

93 460 228 494 Pullati
244 472 408 504 proceres,
427 460 542 493 differt
559 460 757 493 vadimonia
773 464 901 503 praetor
914 472 923 500 ;

93 507 192 539 Tunc
209 507 368 550 geminus
385 517 484 539 casus
502 506 607 548 urbis,
625 509 711 538 tunc
728 506 862 538 odimus
879 505 1006 548 ignem.

93 552 204 585 Ardet
221 552 346 593 adhuc,
364 555 399 584 et
411 553 487 595 jam
504 551 654 584 accurrit
672 551 733 594 qui
749 562 921 583 marmora
939 550 1054 591 donet,

94 597 256 630 Conferat
273 597 446 640 impensas
461 608 467 630 :
492 597 549 629 hio
566 597 663 629 nuda
679 600 715 629 et
732 596 881 629 candida
899 596 1006 639 signa,

94 643 163 676 Hic
180 643 314 686 aliquid
332 642 537 686 praeclarum
555 642 792 685 Euphranoris
810 646 845 675 et
862 640 1041 685 Polycleti,

94 688 180 721 Haec
198 688 405 721 Asianorum
421 691 539 721 vetera
556 692 760 720 ornamenta
776 687 929 729 deorum,

93 734 163 767 Hic
179 734 283 766 libros
301 733 399 766 dabit
417 737 451 766 et
467 733 596 766 forulos
612 733 832 776 mediamque
849 733 1055 774 Minervam,

94 779 163 812 Hic
179 779 335 812 modium
352 779 489 821 argenti
503 790 509 811 :
534 779 677 811 meliora
694 782 728 811 et
745 779 847 822 plura
863 778 1000 821 reponit
1146 778 1215 809 220

93 824 261 867 Persicus,
279 823 439 857 orborum
455 824 670 857 lautissimus
688 828 722 857 et
739 824 862 857 merito
879 825 950 867 jam
1173 821 1177 824 ’

93 870 291 914 Suspectus,
308 873 478 913 tanquam
494 870 568 913 ipse
586 881 664 902 suas
681 869 875 902 incenderit
892 869 991 903 aedes.

93 916 129 949 Si
146 919 243 959 potes
260 915 364 948 avelli
381 915 606 958 Circensibus,
625 915 757 958 optima
773 914 865 947 Sorae

93 962 166 994 Aut
184 960 394 994 Fabrateriae
412 960 534 993 domus
551 964 614 993 aut
632 960 822 993 Frusinone
838 963 992 1003 paratur,

95 1007 227 1047 Quanti
243 1017 338 1039 nunc
356 1006 514 1039 tenebras
532 1017 644 1039 unum
661 1005 825 1039 conducis
842 1006 880 1038 in
896 1017 1038 1038 annum.

93 1052 265 1085 Hortulus
283 1052 341 1084 hic
358 1055 554 1095 puteusque
570 1052 684 1084 brevis
700 1062 764 1084 nec
781 1054 870 1084 reste
886 1051 1078 1084 movendus

93 1097 137 1130 In
154 1102 276 1130 tenues
294 1097 433 1140 plantas
450 1097 546 1129 facili
564 1097 774 1129 diffunditur
790 1096 929 1130 haustu.

94 1143 182 1176 Vive
198 1142 350 1175 bidentis
367 1153 487 1174 amans
505 1146 540 1174 et
557 1142 646 1175 culti
662 1141 800 1175 villicus
818 1141 919 1183 horti,

93 1188 195 1221 Unde
213 1188 356 1232 epulum
373 1187 480 1230 possis
498 1192 641 1220 centum
658 1187 739 1220 dare
757 1187 995 1230 Pythagoreis.

93 1234 157 1267 Est
173 1233 316 1277 aliquid,
335 1244 552 1276 quocumque
570 1233 653 1275 loco,
672 1243 889 1276 quocumque
906 1243 1052 1274 recessu,
1147 1233 1215 1265 230

93 1279 205 1313 Unius
223 1290 294 1311 sese
312 1278 492 1311 dominum
508 1279 628 1311 fecisse
645 1279 792 1311 lacertae.

140 1325 316 1357 Plurimus
333 1324 390 1356 hic
408 1335 499 1366 aeger
515 1324 662 1356 moritur
679 1323 856 1366 vigilando
872 1334 879 1356 ε
905 1322 965 1356 sed
981 1322 1083 1355 illum

93 1370 312 1413 Languorem
328 1369 463 1412 peperit
480 1369 576 1401 cibus
593 1369 817 1412 imperfectus
834 1372 869 1401 et
885 1368 1020 1401 haerens

93 1416 242 1448 Ardenti
261 1414 446 1447 stomacho.
494 1415 586 1447 Nam
603 1426 680 1458 quae
697 1414 873 1447 meritoria
890 1425 1049 1446 somnum

93 1461 302 1494 Admittunt
316 1460 328 1493 2
354 1460 494 1502 Magnis
512 1460 634 1503 opibus
652 1460 820 1492 dormitur
836 1459 874 1491 in
891 1459 983 1492 Urbe
997 1471 1005 1493 :

94 1506 182 1539 Inde
200 1510 307 1549 caput
323 1505 442 1539 morbi.
492 1506 667 1538 Redarum
684 1505 853 1538 transitus
870 1508 966 1537 arcto

94 1552 259 1584 Vicorum
276 1551 312 1583 in
330 1550 449 1583 flexuh
468 1554 503 1583 et
522 1551 647 1583 stantis
665 1550 821 1583 convicia
838 1550 992 1582 mandi-de

94 1597 254 1641 Eripieut
272 1607 430 1629 somnum
447 1596 559 1629 Druso
576 1596 765 1639 vitulisque
783 1596 935 1628 marinis.

95 1642 131 1676 Si
148 1645 248 1675 vocat
266 1641 424 1683 officium,
444 1642 546 1674 turba
565 1642 708 1674 cedente
725 1641 870 1674 vehetur

95 1688 200 1721 Dives
218 1691 253 1721 et
270 1687 407 1730 ingenti
425 1691 540 1720 cruret
558 1699 661 1731 super
678 1699 736 1720 ora
753 1686 915 1729 Liburno,
1147 1688 1215 1719 240

289 1747 300 1763 ε
323 1742 428 1768 Asturii
752 1739 764 1756 ¹²
784 1741 914 1766 vicorum
928 1741 1031 1766 inflexu
