1284 1922
454 63 622 99 SATIRA
649 63 751 98 XIII.
1129 63 1174 98 97

57 135 162 169 Plura
178 134 270 168 domi
287 133 387 177 fraga
404 136 439 166 et
455 133 601 175 majores
617 131 754 176 glandis
771 142 919 165 acervos.

56 181 141 214 Tam
159 179 353 213 venerabile
370 181 445 212 erat
461 177 654 222 praecedere
673 180 823 220 quatuor
839 176 950 219 annis,

56 225 241 270 Primaque
258 236 321 270 par
337 224 421 258 adeo
439 234 544 257 sacrae
560 223 690 266 lanugo
707 225 872 258 seneetae!

54 271 87 305 N
90 283 168 314 unc,
187 271 215 304 si
232 270 428 315 depositum
444 280 515 302 non
531 268 704 302 infitietur
720 268 864 311 amicus,
1129 269 1174 301 60

55 317 91 351 Si
107 317 232 350 reddat
249 320 400 350 veterem
417 326 497 348 cum
514 318 589 348 tota
606 314 759 357 aerugine
776 313 904 357 follem,

54 362 256 406 Prodigiosa
272 361 356 395 fides
373 364 410 395 et
426 360 547 394 Tuscis
564 359 671 403 digna
688 359 824 402 libellis,

55 408 207 452 Quaeque
225 410 388 441 coronata
403 406 546 440 lustrari
563 405 687 440 debeat
703 416 804 448 agna.

53 454 242 498 Egregium
261 456 491 496 sanctumque
507 452 622 485 virum
639 451 667 484 si
684 462 795 493 cerno,
812 449 996 484 bimembri

54 500 134 534 Hoc
151 503 345 533 monstrum
362 509 470 542 puero
486 501 548 531 aut
564 497 708 530 miranti
725 496 788 530 sub
805 500 919 530 aratro

53 545 211 579 Piscibus
228 545 381 578 inventis
398 547 433 578 et
449 543 530 577 fetae
547 554 707 587 comparo
723 542 838 585 mulae,

53 591 239 633 Sollicitus,
257 595 427 634 tanquam
443 589 576 633 lapides
593 588 755 622 effuderit
772 587 890 631 imber,

52 637 278 680 Examenque
295 636 415 680 apium
431 635 536 678 longa
552 634 745 668 consederit
762 645 832 668 uva

53 683 212 716 Culmine
230 681 376 724 delubri,
394 685 563 724 tanquam
580 680 617 713 in
634 691 730 713 mare
746 679 889 713 fluxerit
905 679 1018 714 amnis

54 728 258 772 Gurgitibus
274 728 371 760 miris
388 730 423 760 et
439 726 541 760 lactis
559 726 688 759 vortice
706 729 848 759 torrens.
1129 727 1172 760 70

98 774 299 818 Intercepta
315 773 434 806 decem
451 771 603 816 quereris
621 771 779 805 sestertia
795 770 918 804 fraude

51 819 250 863 Sacrilega‘!
292 818 385 860 Quid
402 818 432 852 si
447 817 500 851 bis
517 821 659 851 centum
675 817 829 861 perdidit
846 816 936 851 alter

51 865 129 899 Hoc
145 876 272 899 arcana
287 863 410 898 modo?
435 865 602 908 majorem
618 863 744 896 tertius
760 862 822 896 illa

51 911 240 953 Summam,
259 921 364 955 quam
381 909 512 954 patulae
530 909 590 943 vix
607 912 747 952 ceperat
763 908 915 952 angulus
932 907 1044 942 arcae?

51 957 138 991 Tam
154 957 257 990 facile
275 960 309 990 et
325 966 474 1000 pronum
491 958 544 988 est
561 966 700 998 superos
718 958 937 987 contemnere
954 958 1069 998 testes,

51 1002 88 1036 Si
104 1002 261 1036 mortalis
277 1001 371 1035 idem
387 1011 487 1034 nemo
505 1000 609 1034 sciat!
651 1000 788 1044 Aspice,
806 1004 939 1043 quanta

52 1048 145 1082 Voce
162 1051 267 1092 neget
277 1060 285 1088 ;
310 1058 387 1091 quae
406 1047 451 1079 sit
467 1046 541 1079 ficti
558 1046 755 1079 constantia
772 1046 901 1080 vultus,

51 1093 118 1128 Per
136 1093 214 1127 solis
230 1093 344 1126 radios
361 1092 575 1136 Tarpeiaque
592 1091 742 1124 fulmina
754 1092 863 1134 jurat,

51 1139 98 1173 Et
116 1139 240 1172 Martis
257 1139 425 1172 frameam
441 1141 478 1170 et
495 1137 637 1170 Cirrhaei
656 1137 790 1180 spicula
808 1137 908 1180 vatis,

51 1185 118 1219 Per
135 1185 284 1218 calamos
300 1183 486 1217 venatricis
502 1183 773 1226 pharetramque
790 1182 916 1226 puellae
1126 1184 1171 1216 80

51 1231 187 1274 Perque
204 1234 316 1272 tuum,
333 1234 433 1273 pater
449 1228 562 1272 AEgaei
580 1228 754 1272 Neptune,
772 1228 962 1261 tridentem
976 1239 983 1262 :

50 1277 162 1310 Addit
178 1281 214 1310 et
231 1275 420 1309 Herculeos
437 1285 538 1308 arcus
554 1273 762 1317 hastamque
778 1273 957 1317 Minervae,

53 1321 232 1365 Quidquid
249 1320 381 1354 habent
397 1320 547 1354 telorum
563 1320 833 1353 armamentaria
849 1319 937 1353 coeli.

51 1368 89 1402 Si
105 1379 185 1401 vero
202 1371 237 1400 et
254 1370 352 1410 pater
369 1370 431 1407 est,
450 1366 469 1382 “
481 1363 699 1404 Comedam‚⁷'
716 1363 842 1407 inquit,
861 1366 880 1380 “
895 1360 1008 1395 flebile
1025 1361 1101 1395 nati

52 1413 215 1457 Sinciput
233 1412 317 1446 elixi
335 1410 531 1454 Pharioque
547 1408 720 1442 madentis
737 1407 869 1441 aceto.’'

99 1457 190 1492 Sunt
207 1458 244 1490 in
261 1456 424 1490 Fortunae
442 1455 502 1499 qui
519 1453 655 1487 casibus
672 1453 788 1486 omnia
804 1457 950 1497 ponunt,

53 1503 100 1538 Et
116 1503 213 1537 nullo
230 1502 376 1536 credunt
393 1500 564 1534 mundum
580 1503 711 1532 rectore
727 1499 867 1542 moveri,

53 1550 190 1584 Natura
206 1548 366 1581 volvente
383 1547 476 1579 vices
493 1550 528 1579 et
544 1545 630 1578 lucis
647 1549 683 1578 et
699 1545 792 1586 anni,

53 1596 170 1639 Atque
187 1594 263 1627 ideo
279 1592 446 1636 intrepidi
463 1602 678 1635 quaecunque
695 1590 820 1624 altaria
836 1593 998 1633 tangunt.

55 1641 119 1674 Est
136 1640 224 1673 alius
240 1643 408 1681 metuens,
426 1649 469 1671 ne
487 1637 617 1670 crimen
635 1648 736 1680 poena
753 1641 936 1680 sequatur:
1123 1637 1167 1669 90

56 1686 126 1720 Hic
142 1689 246 1729 putat
263 1696 334 1718 esse
350 1685 440 1717 Deos
457 1687 492 1716 et
509 1684 650 1726 pejerat,
667 1686 772 1726 atque
789 1683 839 1716 ita
857 1693 990 1715 secum:

59 1740 80 1754 “
91 1737 274 1774 Decernat‚
291 1732 533 1782 quodcumque
550 1731 651 1774 volet,
670 1732 713 1767 de
729 1742 870 1776 corpore
885 1733 1000 1764 nostro

594 1783 618 1805 n
