1284 1922
91 75 137 107 94
406 72 448 106 D.
474 71 607 106 JUNII
632 72 896 106 JUVENALIS

92 139 213 173 Tantis
231 139 338 182 digna
354 138 437 172 Deis
454 141 489 171 et
507 137 743 182 captatoribus
760 138 894 172 horum.

92 186 193 219 Alter
210 185 313 228 enim,
331 184 359 217 si
376 184 543 217 concedas
556 188 718 226 mactare,
736 184 876 217 vovebit

92 231 145 265 De
162 242 266 274 grege
283 241 462 263 servorum
477 241 607 273 magna
624 234 658 262 et
675 229 911 273 pulcherrima
928 240 1074 274 quaeque

94 277 243 321 Corpora
253 289 261 317 ;
286 276 342 310 vel
359 276 476 320 pueris
493 280 528 309 et
544 275 718 308 frontibus
736 276 943 308 ancillarum

94 322 255 366 Imponet
273 322 387 365 vittas,
406 326 450 363 et,
469 322 497 354 si
517 333 585 363 qua
602 326 654 354 est
670 321 799 353 nubilis
816 321 869 354 illi

95 368 281 412 Iphigenia
298 368 400 411 domi,
419 367 516 400 dabit
534 368 624 400 hane
641 367 820 410 altaribus,
839 367 906 400 etsi

94 414 174 447 Non
193 418 308 458 sperat
326 414 468 456 tragieae
483 414 617 446 furtiva
634 413 774 456 piacula
792 424 910 446 cervae.
1148 415 1213 447 120

94 459 215 493 Laudo
231 471 349 492 meum
367 460 487 501 civem,
504 470 568 491 nec
586 470 746 502 comparo
764 463 973 492 testamento

95 505 196 538 Mille
212 510 304 539 rates
319 517 326 539 ε
351 517 434 538 nam
452 505 480 537 si
497 505 689 538 Libitinam
707 505 855 537 evaserit
872 516 972 548 aeger,

95 551 235 585 Delebit
252 551 400 593 tabulas,
418 551 574 583 inclusus
592 561 726 583 carcere
742 561 863 593 nassae,

95 596 179 630 Post
195 597 361 630 meritum
378 608 459 630 sane
476 596 684 637 mirandum,
702 599 808 639 atque
826 596 943 630 omnia
960 596 1024 630 soli
1282 577 1284 642 4

96 643 227 676 Forsan
245 643 397 676 Pacuvio
415 643 566 675 breviter
583 642 690 675 dabit.
741 642 806 675 Ille
824 643 992 686 superbus
1281 646 1284 669 Ι

96 688 241 722 Incedet
258 689 359 722 vietis
376 688 552 722 rivalibus.
601 688 693 731 Ergo
711 688 816 730 vides,
835 700 940 732 quam
1281 680 1284 750 ἱ

98 735 236 768 Grande
253 745 362 777 operae
381 734 534 778 pretium
550 734 658 767 faeiat
670 734 837 777 jugulata
854 734 1021 777 Mycenis.

145 780 251 813 Vivat
269 780 453 822 Pacuvius,
472 791 596 823 quaeso,
615 779 670 812 vel
687 780 835 813 Nestora
852 784 987 821 totum;

97 826 288 869 Possideat,
305 830 478 870 quantum
493 826 613 870 rapuit
629 825 662 858 N
664 837 740 866 ero;
763 826 942 859 montibus
955 837 1081 859 aurum

98 872 271 917 Exaequet
281 884 291 914 3
316 883 380 906 nec
397 875 491 906 amet
508 882 718 916 quenquam,
736 883 799 906 nec
817 875 955 906 ametur
971 871 1015 906 ab
1031 871 1123 908 ullo!
1150 874 1217 906 130
