1284 1922
96 63 140 94 88
411 60 454 95 D.
479 60 614 95 JUNII
639 59 904 94 JUVENALIS

96 138 164 172 Illa
181 139 274 172 domi
291 141 392 172 natas
409 142 596 182 nostraque
613 150 657 172 ex
674 138 793 172 arbore
809 149 945 171 mensas

95 184 264 228 Tempora
280 185 445 218 viderunt
462 197 468 218 :
494 185 555 217 hos
573 185 710 227 lignum
728 184 843 217 stabat
859 184 898 216 in
915 194 1007 227 usuS,

94 230 273 263 Annosam
290 230 318 263 si
335 230 423 263 forte
441 241 567 263 nucem
584 230 756 274 dejecerat
774 230 898 263 Eurus,

93 277 142 308 At
158 287 253 309 nunc
271 275 438 310 divitibus
456 276 615 309 coenandi
632 276 731 309 nulla
747 276 919 319 voluptate,
1152 275 1216 307 120

93 321 155 354 Nil
171 321 346 364 rhombus,
363 321 415 354 nil
432 322 534 355 dama
552 322 652 365 sapit,
670 325 792 364 putere
809 321 974 355 videntur

94 366 286 411 Unguenta
303 371 408 411 atque
424 379 517 410 rosae,
535 368 623 401 latos
641 368 708 400 nisi
726 367 874 399 sustinet
892 366 988 399 orbes

95 413 232 446 Grande
250 412 344 455 ebur,
363 417 398 446 et
415 425 542 456 magno
561 413 717 446 sublimis
735 413 863 456 pardus
880 412 992 454 hiatu,

93 458 266 492 Dentibus
284 470 327 492 ex
344 459 423 502 illis,
442 471 525 503 quos
541 459 654 491 mittit
670 463 770 502 porta
788 458 916 501 Syenes

93 504 141 537 Et
157 505 275 538 Mauri
293 505 418 538 celeres
436 509 471 537 et
489 505 612 538 Mauro
630 504 805 537 obscurior
823 503 942 546 Indus,

93 549 140 583 Et
158 562 243 594 quos
260 551 421 594 deposuit
439 550 631 583 Nabathaeo
648 550 765 583 bellua
783 549 884 591 saltu,

93 596 177 629 Jam
193 596 318 629 nimios
336 596 512 639 capitique
529 607 659 639 graves.
710 595 804 628 Hinc
822 595 933 638 surgit
951 594 1073 637 orexis‚

93 641 188 674 Hinc
206 642 382 675 stomacho
400 642 500 675 bilis:
526 653 608 675 nam
625 653 711 685 pes
702 644 887 684 argenteus
904 640 983 682 illis,

92 687 281 720 Annulus
273 699 310 720 in
327 687 438 730 digito
456 688 547 739 quod
564 688 704 720 ferreus.
752 687 844 729 Ergo
862 686 1048 730 superbum

93 733 282 767 Convivam
301 744 414 776 caveo,
433 733 493 777 qui
510 745 565 766 me
582 733 646 766 sibi
664 736 852 776 comparat,
870 736 904 765 et
921 743 975 765 res
1149 735 1214 765 130

91 778 246 822 Despicit
266 780 420 822 exiguas.
468 779 564 812 Adeo
581 778 679 811 nulla
696 779 800 811 uncia
816 777 914 810 nobis

92 824 154 857 Est
172 825 291 868 eboris,
309 836 372 857 nec
390 825 547 867 tessellae,
564 835 628 857 nec
646 824 801 857 calculus
819 835 863 856 ex
880 823 946 856 hac

91 869 242 903 Materia
256 882 263 903 :
291 871 377 914 quin
394 870 470 914 ipsa
486 870 670 903 manubria
686 870 909 902 cultellorum

92 915 196 949 Ossea
213 928 219 949 :
245 927 315 948 non
332 920 451 949 tamen
468 916 522 948 his
540 916 612 948 111111
628 927 785 959 unquam
802 915 945 958 opsonia
961 915 1052 949 fiunt

92 961 299 1003 Rancidula,
317 966 380 995 aut
397 962 474 994 ideo
491 963 586 1006 pejor
602 961 734 1004 gallina
752 965 897 994 secatur.

90 1007 157 1040 Sed
174 1019 238 1040 nec
255 1011 404 1040 structor
417 1008 492 1047 erit,
510 1008 566 1040 cui
584 1007 703 1040 cedere
721 1006 845 1039 debeat
862 1007 973 1039 omnis

91 1051 253 1096 Pergula,
271 1053 464 1097 discipulus
482 1053 651 1097 Trypheri
669 1053 827 1095 doctoris,
845 1053 939 1096 apud
958 1064 1060 1096 quem

90 1098 233 1131 Sumine
251 1110 330 1132 cum
346 1110 474 1141 magno
490 1099 598 1143 lepus,
617 1103 721 1142 atque
738 1110 829 1141 aper,
849 1102 883 1131 et
900 1110 1086 1143 pygargus,

90 1144 137 1177 Et
155 1144 326 1188 Scythicae
345 1145 510 1187 volucres,
529 1149 563 1177 et
580 1144 861 1188 phoenicopterus
878 1145 1011 1188 ingens,

88 1189 135 1223 Et
154 1190 309 1223 Gaetulus
327 1201 413 1233 oryx
431 1190 548 1223 hebeti
566 1190 760 1223 lautissima
777 1190 866 1222 ferro
1149 1193 1213 1223 140

89 1236 242 1268 Caeditur
258 1240 293 1268 et
311 1240 385 1268 tota
402 1240 501 1269 sonat
518 1235 633 1268 ulmea
650 1247 747 1268 coena
765 1235 929 1268 Saburra.

87 1281 162 1314 Nec
178 1282 331 1314 frustum
349 1292 480 1325 capreae
499 1281 698 1324 subducere,
716 1292 780 1313 nec
798 1281 890 1314 latus
908 1281 1002 1314 Afrae

87 1326 195 1360 Novit
213 1327 286 1360 avis
303 1332 419 1360 noster
435 1327 642 1369 tirunculus,
660 1339 700 1360 110
717 1327 812 1359 rudis
830 1327 924 1360 omni

87 1372 264 1416 Tempore,
283 1377 317 1405 et
335 1373 471 1416 exiguae
489 1373 591 1405 furtis
609 1373 767 1405 imbutus
785 1373 905 1406 ofellae.

87 1417 245 1452 Plebeios
262 1418 386 1451 calices
405 1423 439 1452 ct
457 1419 576 1462 paucis
594 1418 725 1452 assibus
744 1422 852 1451 emtos

87 1463 248 1507 Porriget
266 1464 420 1497 incultus
439 1476 524 1508 puer
543 1468 648 1508 atque
665 1476 686 1497 a
701 1464 829 1507 frigore
847 1467 944 1497 tutus
960 1476 968 1504 ;

87 1509 165 1542 Non
184 1510 306 1553 Phryx
323 1514 385 1542 aut
403 1510 538 1553 Lycius,
557 1521 627 1543 non
644 1521 664 1542 a
681 1521 852 1553 1111111οόΠο
869 1510 1002 1553 petitus

87 1547 280 1599 Quisquam
299 1556 375 1597 erit,
393 1559 428 1588 et
445 1567 581 1598 mammo
633 1555 747 1596 Quum
764 1566 891 1599 posces,
909 1567 1011 1598 posce
1030 1555 1165 1590 Latine.

87 1601 185 1633 Idem
204 1601 344 1634 habitus
363 1601 506 1643 cunctis,
526 1601 616 1634 tonsi
633 1601 790 1644 rectique
808 1601 935 1644 capilli,

85 1645 203 1689 Atque
220 1646 322 1679 hodie
340 1650 481 1679 tantum
499 1651 639 1690 propter
656 1658 743 1679 com
746 1647 816 1679 ivia
833 1646 924 1690 pexi.
1145 1648 1210 1680 150

86 1691 237 1724 Pastoris
255 1692 335 1724 duri
352 1696 403 1724 est
421 1692 478 1725 hic
495 1692 598 1735 filius,
616 1692 675 1725 ille
692 1692 853 1725 bubulci.

85 1737 244 1782 Suspirat
261 1737 365 1782 longo
382 1749 452 1771 non
468 1738 578 1772 visam
595 1742 749 1783 tempore
765 1741 924 1781 matrem,
