1284 1922
445 68 452 102 ,“’
479 65 647 99 SATIRA
669 66 747 99 VH.
1153 66 1196 97 59

77 131 254 176 Quidquid
271 132 308 166 id
325 136 386 175 est,
404 133 447 166 de
464 144 531 177 quo
549 133 728 177 deliberat,
746 145 791 168 an
808 136 907 178 petat
924 132 1054 166 Urbem

74 178 105 211 A
123 178 259 222 Cannis,
277 190 323 212 an
339 183 417 223 post
434 178 568 212 nimbos
586 184 620 212 et
637 180 788 213 fulmina
805 184 930 213 cautus

74 224 296 268 Circumagat
312 225 469 258 madidas
487 236 508 258 a
524 229 735 269 tempestate
753 225 918 259 cohortes,

71 269 90 286 “
105 268 284 310 Quantum
302 269 352 301 vis
370 269 547 313 stipulare,
566 274 601 303 et
618 270 777 314 protinus
794 271 911 315 accipe
929 270 1020 316 quod
1038 270 1091 313 do,

72 315 122 348 Ut
138 315 241 348 toties
258 314 359 348 illum
377 320 476 359 pater
492 315 646 349 audiat.⁷'
697 316 780 350 Haeo
797 317 859 350 alii
877 328 937 351 sex

72 361 137 394 Vel
154 361 270 405 plures
288 372 357 394 uno
374 361 594 394 conclamant
611 372 668 394 ore
686 362 859 405 sophistae,

70 406 117 440 Et
134 418 232 440 veras
248 407 387 450 agitant
403 407 492 450 lites,
509 411 648 450 raptore
664 407 786 440 relicto
800 419 808 448 3

70 452 164 486 Fusa
180 464 314 486 venena
331 453 444 496 silent,
462 453 575 486 malus
592 453 821 497 ingratusque
837 452 995 495 maritus,

71 498 117 531 Et
134 510 212 542 quae
225 500 301 542 jam
318 503 450 532 veteres
468 503 595 532 sanant
611 500 778 532 mortaria
795 510 910 532 caecos
1130 499 1196 532 170

70 544 163 588 Ergo
181 544 246 577 sibi
263 544 360 578 dabit
377 545 450 588 ipse
466 545 599 588 rudem⁷
619 545 648 578 si
664 549 782 578 nostra
798 544 990 578 movebunt

75 589 235 633 Consilia,
253 594 288 623 et
305 591 386 624 vitae
405 591 580 624 diversum
598 591 664 624 iter
680 591 906 634 ingredietur,

69 635 125 668 Ad
142 647 298 680 pugnam
316 637 376 680 qui
393 637 567 670 rhetorica
584 637 763 670 descendit
779 637 823 670 ab
840 636 974 680 umbra,

68 680 252 715 Summula
268 693 313 715 ne
330 686 458 726 pereat,
477 694 546 726 qua
563 683 642 716 vilis
660 686 789 716 tessera
806 683 904 716 venit

68 727 252 761 Frumenti
267 740 273 761 :
299 728 429 772 quippe
446 729 521 762 haec
537 740 668 762 merces
686 728 891 762 lautissima.
940 728 1060 772 Teuta,

69 773 311 817 Chrysogonus
329 774 454 818 quanti
472 774 602 816 doceat,
620 774 676 807 vel
693 774 804 808 Pollio
821 775 947 818 quanti

69 819 260 853 Lautorum
277 831 410 864 pueros,
428 824 540 853 artem
557 820 718 854 scindens
735 820 914 854 Theodori.

67 865 201 899 Balnea
218 866 390 899 sexcentis
408 869 443 899 et
460 866 570 910 pluris
587 867 751 910 porticus,
768 867 806 899 in
823 878 893 910 qua

69 911 232 945 Gestetur
249 912 419 954 dominus,
438 913 572 956 quoties
590 912 692 955 pluit.
740 912 843 946 Anne
860 924 1021 946 serenum

68 956 258 1001 Exspectet
276 962 485 1002 spargatque
503 958 578 991 luto
590 959 754 1001 jumenta
770 958 928 992 recenti?
1129 960 1194 993 180

68 1002 138 1036 Hic
155 1004 271 1047 potius
286 1016 292 1037 :
318 1014 470 1046 namque
487 1004 544 1036 hie
561 1003 703 1036 mundae
719 1004 811 1037 nitet
828 1005 963 1048 ungula
979 1004 1094 1038 mulae.

68 1048 173 1082 Parte
190 1049 259 1082 alia
275 1049 388 1093 longis
406 1049 641 1082 Numidarum
657 1050 750 1083 fulta
767 1050 937 1084 columnis

68 1094 206 1138 Surgat,
224 1098 259 1128 et
276 1095 451 1138 algentem
468 1095 583 1139 rapiat
601 1096 748 1129 coenatio
766 1096 881 1130 solem.

69 1139 339 1185 Quanticunque
357 1141 487 1183 domus,
506 1141 623 1174 veniet
641 1142 702 1185 qui
718 1142 852 1175 fercula
869 1142 970 1176 docte

69 1185 260 1230 Componat
274 1200 282 1227 ;
308 1187 424 1220 veniet
442 1187 502 1230 qui
520 1187 755 1231 pulmentaria
773 1188 908 1222 condat.

67 1231 142 1265 Hos
158 1233 250 1266 inter
267 1237 403 1266 sumtus
421 1233 578 1266 sestertia
596 1233 824 1277 Quintiliano,

67 1276 117 1311 Ut
133 1278 296 1322 multum,
314 1279 383 1311 duo
400 1278 573 1311 sufficient
587 1291 594 1312 z
619 1291 673 1312 res
689 1279 790 1312 nulla
806 1280 949 1313 minoris

66 1321 247 1356 Constabit
266 1323 369 1366 patri,
387 1335 492 1367 quam
509 1324 613 1357 filius.
664 1324 795 1359 “Unde
812 1325 923 1369 igitur
940 1331 991 1361 tot

66 1367 306 1408 Quintilianus
323 1369 428 1402 habet
446 1370 555 1403 saltus
570 1369 604 1402 ‘2”
638 1369 810 1414 Exempla
825 1383 991 1407 novorum

65 1412 234 1447 Fatorum
250 1415 370 1448 transi.
419 1414 520 1447 Felix
539 1418 573 1447 et
591 1415 736 1459 pulcher
753 1419 788 1448 et
805 1427 884 1449 acer
897 1429 906 1458 ς
1126 1420 1192 1452 190

65 1459 167 1494 Felix
184 1464 219 1493 et
237 1461 373 1505 sapiens
391 1464 426 1493 et
443 1459 568 1493 nobilis
586 1464 620 1493 et
637 1472 832 1504 generosus,

64 1507 272 1550 Appositam
289 1507 397 1550 nigrae
414 1506 536 1539 lunam
553 1505 710 1540 subtexit
726 1507 832 1540 alutae
848 1520 857 1549 3

65 1552 176 1596 Felix,
193 1556 308 1586 orator
324 1563 460 1596 quoque
477 1552 652 1585 maximus
669 1556 704 1586 et
716 1553 910 1596 Jaculator:

64 1598 111 1631 Et
128 1598 157 1631 si
173 1598 347 1642 perfrixit,
365 1602 485 1631 cantat
503 1597 598 1631 bene.
647 1598 764 1632 Distat
781 1599 885 1642 enim,
904 1611 981 1644 quae

65 1643 187 1678 Sidera
203 1648 239 1677 te
256 1644 435 1688 excipiant
451 1644 552 1677 modo
569 1644 697 1688 primos
714 1644 943 1689 incipientem

65 1689 177 1723 Edere
194 1690 334 1733 vagitus
352 1693 387 1723 et
404 1689 520 1723 adhue
538 1700 558 1723 a
574 1694 686 1724 matre
702 1690 896 1726 rubentem.

65 1735 103 1770 Si
119 1735 276 1770 Fortuna
292 1735 395 1780 volet,
412 1735 473 1769 fies
491 1736 533 1769 de
549 1735 686 1770 rhetore
704 1736 831 1770 Consul
845 1749 852 1771 :
