1284 1922
91 85 136 117 18
405 81 447 115 D.
473 80 606 115 JUNII
632 78 896 114 JUVENALIS

91 148 139 183 Et
157 148 297 182 dubitas
314 148 387 181 alta
406 148 560 182 Chionen
577 147 745 180 deducere
763 147 855 180 sella.

91 193 148 228 Da
164 198 289 227 testem
307 193 425 226 Romae
442 197 516 226 tam
534 197 703 235 sanctum,
721 204 827 236 quam
843 192 913 225 fuit
929 192 1054 236 hospes

92 239 257 273 Numinis
275 239 360 272 Idaei
376 251 384 279 ;
409 239 573 282 procedat
590 238 646 271 vel
663 239 779 271 Numa
796 238 851 271 vel
869 238 929 281 qui

94 284 255 318 Servavit
272 285 446 328 trepidam
462 284 628 327 flagranti
645 295 688 316 ex
705 284 778 316 aede
795 284 1012 316 Minervam:
1166 299 1177 305 -

94 329 260 363 Protinus
278 330 323 363 ad
340 341 491 371 censum,
510 330 552 362 de
569 329 720 362 moribus
737 329 864 362 ultima
880 329 941 361 fiet
1150 329 1216 360 140

96 375 268 416 Quaestio:
295 376 315 394 “
327 379 412 420 quot
428 376 539 420 pascit
558 386 670 409 servos
686 376 698 408 ’ζ
723 379 808 418 quot
824 375 976 418 possidet
992 373 1067 417 agri

95 420 119 453 J
122 420 255 463 ugera?
281 432 384 464 quam
400 422 513 454 multa
528 431 723 463 magnaque
740 420 921 463 paropside
938 423 1051 453 coenat
1067 418 1102 452 ‘2⁷’

95 464 279 505 Quantum
296 464 441 507 quisque
459 475 521 496 sua
537 474 761 496 nummorum
778 467 891 496 servat
908 463 946 496 in
964 475 1052 505 area,

96 509 251 543 Tantum
267 509 372 542 habet
390 512 425 542 et
441 509 532 542 fidei.
580 508 606 542 J
608 519 685 541 ures
701 508 784 541 licet
801 512 836 541 et
853 509 1117 542 Samothracum
1152 522 1155 523 ⁷

97 553 144 588 Et
161 558 357 588 nostrorum
374 565 471 594 aras;
499 556 717 586 contemnere
734 554 886 588 fulmina
902 566 1036 598 pauper

99 600 260 633 Creditur
277 603 383 643 atque
400 599 500 641 Deos,
518 599 582 632 Dis
599 599 858 641 ignoscentibus
875 599 967 643 ipsis.

100 645 191 686 Quid
206 645 218 678 it
243 645 335 688 quod
351 644 534 677 materiam
551 644 683 687 praebet
701 656 890 688 causasque
902 646 1062 688 jocorum

99 690 268 723 Omnibus
285 690 342 722 hic
359 690 462 731 idem,
482 689 510 722 si
526 689 619 722 foeda
636 692 671 722 et
688 690 793 722 scissa
809 690 958 734 lacerna,

99 735 137 769 Si
154 739 236 779 toga
253 735 430 768 sordidula
447 738 498 767 est
516 738 550 767 et
567 738 672 778 rupta
689 735 823 768 calceus
841 735 929 768 alter

101 780 196 814 Pelle
213 784 332 824 patet:
358 780 414 813 vel
431 780 470 822 si,
488 784 631 813 consuto
649 780 801 823 vulnere,
820 791 973 813 crassum
1153 782 1221 814 150

102 826 217 869 Atque
234 836 351 858 recens
368 825 481 857 linum
499 825 650 858 ostendit
667 836 737 858 non
754 837 825 858 una
842 826 997 860 cicatrix.

102 871 161 903 Nil
178 871 283 904 habet
300 870 425 903 infelix
442 874 629 914 paupertas
646 870 767 904 durius
784 871 821 903 in
838 882 883 913 se,

105 917 218 957 Quam
235 917 327 960 quod
343 917 506 949 ridiculos
522 916 678 949 homines
695 917 790 950 facit.
842 920 862 934 “
873 916 1016 958 Exeat‚⁷'
1033 917 1158 962 inquit,

105 964 124 980 “
135 962 171 995 Si
191 962 302 1005 pudor
319 965 380 1004 est,
397 966 432 994 et
448 962 490 994 de
506 961 651 1004 pulvino
669 966 788 1005 surgat
805 963 963 1006 equestri,

104 1006 210 1049 Cujus
226 1017 280 1039 res
297 1006 367 1049 legi
383 1017 453 1039 non
471 1005 609 1047 sufficit,
627 1009 661 1038 et
680 1006 821 1039 sedeant
838 1007 896 1039 hie

105 1052 284 1084 Lenonum
300 1051 399 1095 pueri
417 1062 634 1094 quocumque
652 1051 689 1083 in
706 1051 836 1084 fornice
853 1051 938 1095 nati,

105 1096 174 1130 Hic
191 1096 338 1140 plaudat
355 1096 461 1129 nitidi
477 1096 644 1139 praeconis
662 1096 755 1128 filius
772 1097 864 1129 inter

104 1141 288 1185 Pinnirapi
305 1141 415 1174 cultos
429 1142 574 1184 juvenes
586 1142 801 1184 juvenesque
819 1142 964 1176 lanistae.

104 1187 162 1221 Sic
178 1186 320 1220 libitum
336 1197 435 1226 vano,
454 1186 514 1229 qui
531 1197 592 1218 nos
610 1186 782 1229 distinxit,
802 1186 939 1220 Othoni.

107 1232 191 1273 Quis
208 1243 313 1275 gener
329 1231 386 1264 hic
403 1231 538 1274 placuit
555 1242 659 1264 censu
676 1231 788 1264 minor
805 1236 910 1275 atque
927 1232 1052 1276 puellae
1160 1235 1226 1266 160

106 1277 296 1311 Sarcinuh's
313 1276 426 1320 impar
440 1276 451 1309 2
478 1277 554 1319 quis
571 1288 703 1319 pauper
720 1276 881 1309 scribitur
898 1278 995 1310 heres
1010 1278 1022 1310 ‘2

107 1322 253 1363 Quando
270 1322 308 1355 in
325 1321 466 1354 consilio
484 1325 535 1354 est
551 1321 726 1354 AEdilibus
740 1321 752 1354 2
777 1322 926 1365 Agmine
944 1324 1036 1357 facto

105 1368 308 1401 Debuerant
325 1367 408 1400 oh'm
424 1370 547 1400 tenues
563 1366 727 1409 migrasse
745 1367 904 1407 Quirites.

108 1412 215 1446 Haud
232 1412 333 1446 facile
351 1415 542 1455 emergunt,
561 1423 707 1455 quorum
724 1412 913 1446 virtutibus
930 1413 1044 1447 obstat

109 1458 177 1491 Res
195 1461 344 1500 angusta
361 1457 475 1490 domi:
502 1457 560 1489 sed
579 1458 695 1490 Romae
713 1457 831 1490 durior
847 1458 916 1491 illis

109 1504 261 1537 Conatus
276 1515 284 1543 3
309 1514 436 1545 magno
452 1502 644 1546 hospitium
660 1502 864 1546 miserabile,
882 1515 1008 1547 magno

109 1548 293 1581 Servorum
310 1553 447 1581 ventres
465 1552 499 1580 et
517 1548 608 1590 frugi
627 1549 762 1581 coenula
779 1560 914 1591 magno.

109 1593 294 1626 Fictilibus
312 1604 446 1626 coenare
464 1593 582 1636 pudet,
601 1593 692 1637 quod
709 1597 810 1637 turpe
827 1595 970 1638 negavit

110 1638 313 1671 Translatus
332 1639 445 1670 subito
463 1638 507 1670 ad
525 1638 657 1671 Marsos
674 1650 897 1683 mensamque
915 1640 1096 1682 Sabellam,

112 1684 371 1728 Contentusque
389 1683 461 1716 illic
479 1687 602 1716 veneto
620 1684 774 1727 duroque
792 1685 926 1719 cucullo
935 1694 957 1719 θ.
1162 1687 1228 1721 170

595 1742 605 1753 ⁸
625 1740 729 1765 culullo
