1284 1922
482 82 651 117 SATIRA
678 82 746 118 III.
1108 85 1173 118 129

51 147 134 181 “An
150 147 215 181 tali
232 148 391 182 studeam
409 149 542 183 calamo
553 149 587 183 2'’
636 149 701 183 Cui
717 149 846 184 verba?
873 150 958 194 quid
974 150 1058 184 istas

50 192 206 226 Succinis
223 194 409 238 ambages?
435 195 500 228 tibi
517 195 674 236 luditur3
699 195 837 229 effluisd
853 207 982 230 amens.
1128 198 1173 230 20

49 238 292 273 Contemnere:
318 245 418 273 sonat
435 241 562 274 vitium
579 252 750 284 percussa,
767 241 922 285 maligne

49 283 249 328 Respondet
267 285 371 318 viridi
387 297 457 319 non
475 292 571 319 cocta
587 286 704 320 fidelia
720 287 814 321 limo.

48 329 167 363 Udum
184 335 219 363 et
234 331 338 364 molle
354 331 471 364 lutum
487 343 531 374 es,
549 343 653 374 nunc,
670 343 765 365 nunc
782 333 1017 377 properandus
1034 336 1069 368 et
1085 333 1158 368 acri

48 374 251 419 Fingendus
269 377 342 409 sine
358 376 427 410 fine
443 381 528 410 rota.
577 377 644 411 Sed
661 389 740 410 rure
757 384 902 422 paterno

47 420 112 454 Est
130 421 195 454 tibi
211 422 266 454 far
281 421 466 465 modicum,
484 434 612 466 purum
629 427 664 456 et
681 423 754 457 sine
771 423 848 457 labe
866 424 1015 458 salinum
1025 436 1035 465 3

49 466 158 509 (Quid
174 471 310 500 metuas
320 467 348 507 2)
367 467 566 511 cultrixque
583 469 650 501 foci
669 480 788 502 secura
804 469 934 510 patella
951 475 1033 513 est‘‚

48 511 126 545 Hoc
142 512 227 545 satis
243 512 255 546 ἶὶ
278 521 323 542 an
340 509 459 544 deceat
475 511 675 555 pulmonem
691 524 850 557 rumpere
867 515 990 558 ventis,

47 556 238 591 Stemmate
255 558 348 602 quod
366 558 474 592 Tusco
491 570 626 592 ramum
643 559 825 593 millesime
841 561 949 603 ducis,

49 602 298 647 Censoremque
315 603 434 637 tuumf
450 604 504 637 vel
522 604 612 648 quod
630 604 784 638 trabeate
802 605 954 639 salutas?

47 647 104 681 Ad
122 649 290 692 populum
307 649 466 692 phaleras
481 661 488 683 :
511 661 574 693 ego
591 654 626 683 te
643 650 739 683 intus
757 655 792 683 et
808 651 846 683 in
863 656 942 684 cute
958 651 1049 686 novi.
1125 654 1170 685 30

48 693 127 727 Non
145 694 253 737 pudet
270 694 314 728 ad
331 706 460 728 morem
478 695 639 728 discincti
657 696 772 729 vivere
788 696 930 733 Nattae'e

95 739 162 773 Sed
180 745 298 784 stupet
314 740 372 773 hic
390 741 485 782 vitio,
503 746 538 773 et
555 741 649 773 fibris
666 741 813 774 increvit
830 742 986 786 opimum

48 784 194 828 Pingue,
213 790 306 819 caret
323 785 435 830 culpa,
453 787 572 829 nescit,
590 786 674 830 quid
691 787 824 830 perdat,
842 793 877 820 et
894 787 965 822 alto

47 829 233 866 Demersus
250 843 385 864 summa
401 843 520 864 rursus
537 843 606 865 non
624 832 727 865 bullit
744 833 782 865 in
798 833 903 866 unda.

94 876 224 920 Magne
240 882 340 921 pater
356 877 496 920 Divum,
515 888 620 911 saevos
637 878 760 922 punire
777 883 942 921 tyrannos

49 921 160 956 Haud
177 922 247 956 alia
262 923 396 956 ratione
413 923 509 966 velis,
527 935 634 966 quum
651 924 726 957 dira
742 924 850 957 libido

47 964 198 1001 Moverit
215 968 396 1011 ingenium
411 969 562 1002 ferventi
580 969 692 1002 tincta.
709 981 859 1004 veneno:

49 1013 228 1047 Virtutem
244 1014 387 1047 videant
404 1014 693 1058 intabescantque
709 1015 840 1049 relicta.

47 1059 150 1093 Anne
166 1059 277 1103 magis
294 1059 402 1093 Siculi
418 1067 626 1103 gemuerunt
644 1071 711 1094 aera
722 1061 877 1104 juvenci,

48 1104 96 1138 Et
111 1105 244 1148 magist<
261 1106 392 1138 auratis
409 1106 562 1149 pendens
579 1106 800 1149 laquearibus
817 1107 908 1140 ensis
1125 1109 1171 1142 40

49 1150 247 1194 Purpureas
264 1151 381 1184 subter
398 1151 547 1184 cervices
565 1152 699 1194 terruit,
718 1152 824 1195 Imus,

49 1195 146 1229 Imus
162 1196 367 1240 praecipites,
386 1207 491 1239 quam
508 1197 536 1230 si
554 1197 619 1229 sibi
636 1197 739 1240 dicat,
757 1202 792 1231 et
809 1199 907 1232 intus
923 1217 930 1220 -

48 1241 186 1275 Palleat
201 1242 326 1275 infelix
343 1242 434 1286 quod
450 1243 610 1286 proxima
626 1243 759 1276 nesciat
775 1244 887 1277 uxor?

95 1286 194 1331 Saepe
211 1287 334 1330 oculos,
350 1288 502 1330 memini,
521 1287 734 1331 tangebamh
750 1301 878 1333 parvus
895 1289 994 1333 olivo,

49 1332 203 1366 Grandia
220 1333 249 1366 si
266 1333 395 1366 nollem
411 1334 571 1366 morituri
588 1334 692 1367 verba
710 1334 866 1367 Catonis*

48 1377 198 1420 Discere,
216 1390 286 1412 non
304 1390 385 1411 sano
402 1379 553 1412 multum
569 1379 747 1413 laudanda
763 1380 938 1423 magistro,

49 1423 134 1465 Quae
150 1429 251 1468 pater
267 1424 428 1457 adductis
446 1425 573 1457 sudans
590 1424 726 1458 audiret
743 1426 872 1459 amicis.

48 1469 75 1503 J
77 1481 136 1503 ure
153 1470 282 1503 etenim
299 1470 334 1502 id
353 1481 536 1512 summum,
554 1470 638 1513 quid
656 1470 778 1503 dexter
795 1472 889 1504 senio
906 1472 1012 1505 ferret

48 1514 152 1557 Scire,
170 1520 245 1548 erat
261 1516 298 1548 in
316 1520 395 1548 voto
410 1528 418 1556 ;
443 1515 608 1548 damnosa
626 1516 784 1549 canicula
802 1523 976 1561 quantum

49 1560 220 1601 Raderet3
245 1566 402 1604 angustae
421 1561 507 1594 collo
524 1573 594 1594 non
611 1561 725 1594 fallier
741 1574 827 1596 orcae
841 1575 848 1602 ;
1127 1565 1172 1597 50

48 1605 127 1640 Neu
144 1607 220 1650 quis
238 1607 396 1640 callidior
412 1606 546 1640 buxum
563 1613 724 1650 torquere
740 1608 887 1652 flagello.

197 1679 210 1696 ⁸¹
227 1684 254 1706 et
266 1682 327 1706 fluis
768 1685 779 1698 ⁶
798 1684 901 1716 patella
915 1691 969 1708 om.
984 1687 1026 1709 est

201 1715 211 1733 ¹
223 1726 396 1744 censoremve
410 1722 489 1744 tuum
521 1727 698 1745 censoremne
710 1722 790 1745 tuum
817 1728 956 1745 censorem
971 1721 1079 1746 fatuum

197 1757 210 1776 Β
228 1759 277 1780 aut
287 1763 362 1789 mag.
476 1755 488 1771 Β
508 1757 649 1789 tiugebam
758 1754 765 1771 '¹
786 1758 1054 1783 morituro-Catoni

598 1802 623 1825 K
