1284 1922
463 88 633 122 SATIRA
661 89 727 122 111.
1091 89 1154 122 131

33 153 99 186 His
116 152 265 197 populus
282 153 382 196 ridet,
399 153 622 197 multumque
639 158 752 188 torosa
762 155 932 197 juventus

33 198 236 242 Ingeminat
253 199 418 233 tremulos
436 210 519 232 naso
536 200 711 243 crispante
728 199 924 232 cachinnos.

78 244 235 288 Inspice3
260 245 375 278 nescio
393 244 478 289 quid
496 245 647 288 trepidat
663 244 751 278 mihi
768 250 901 289 pectus,
919 247 954 278 et
971 244 1072 288 aegris

30 289 206 324 Faucibus
223 295 410 334 exsuperat
427 290 542 334 gravis
559 290 711 331 halitus;
735 290 876 334 inspice,
894 290 1009 326 sodes!

31 335 99 376 Qui
116 335 202 369 dicit
218 335 362 379 medico,
375 337 494 380 jussus
510 336 733 380 requiescere,
752 340 937 380 postquam
1107 337 1153 370 90

29 381 147 415 Tertia
164 382 370 425 compositas
386 381 477 415 vidit
493 392 563 415 nox
581 393 716 416 currere
733 393 849 425 venas,

29 426 83 460 De
98 428 227 470 majore
244 427 353 469 domo,
370 427 567 461 modicumr
583 427 723 461 sitiente
740 427 875 472 lagena,

29 471 138 506 Lenia
154 473 268 506 loturo
285 472 351 506 sibi
368 473 574 507 Surrentina
589 473 736 517 rogavit.

29 517 137 561 Heus,
154 517 252 561 bone,
269 522 310 552 tu
327 519 454 563 palles!
489 519 619 552 “Nihil
636 518 718 553 est.”
753 519 880 553 Videas
897 521 1016 552 tamen
1031 517 1136 562 istud,

29 563 204 608 Quicquid
221 564 257 597 id
275 568 346 598 est:
371 564 484 609 surgit
501 565 607 599 tacite
624 564 690 598 tibi
706 565 803 599 lutea
819 564 930 610 pellis.

28 609 107 643 “At
124 614 166 643 tu
182 609 334 643 deterius
350 610 460 654 palles
470 623 479 651 ;
503 622 548 644 ne
565 611 610 644 sis
626 611 714 644 mihi
731 614 846 652 tutor;

27 655 54 689 J
55 666 112 689 am
129 655 264 699 pridem
281 655 376 689 hunc
393 656 517 700 sepeli:
542 660 583 690 tu
599 655 738 690 restas.’'
786 656 906 699 Perge,
923 655 1054 691 tacebo.

27 700 202 744 Turgidus
219 701 277 734 hic
293 701 406 745 epulis
423 706 529 745 atque
545 701 624 736 albo
641 705 761 736 ventre
777 701 926 745 lavatur,

28 746 180 780 Gutture
197 746 367 781 sulfureas
384 747 538 781 lentum³
555 747 744 781 exhalante
760 748 942 792 mephites,

26 791 95 826 Sed
112 796 240 825 tremor
255 792 349 825 inter
365 793 448 827 vina
465 793 567 837 subit,
585 792 807 838 calidumque
824 794 988 827 trientem
1083 795 1149 827 100

26 837 176 872 Excutit
193 849 211 871 e
227 838 398 882 mam‘bus,
416 839 536 873 dent-es
553 850 716 882 crepuere
732 840 866 882 retecti,

27 883 144 917 Uncta
160 883 292 918 cadunt
308 884 398 917 laxis
415 888 501 918 tunc
518 884 752 929 pulmentaria
769 885 884 918 labris.

26 928 122 962 Hine
139 929 234 972 tuba,
252 929 414 973 candelae,
432 930 643 974 tandemque
659 930 820 964 beatulus
838 930 909 964 alto

27 974 245 1019 Compositus
262 975 360 1018 lecto,
372 977 568 1020 ,crassisque
585 976 720 1009 lutatus
737 976 891 1019 amomis,

27 1020 73 1054 In
90 1025 226 1065 portam
242 1021 372 1064 rigidos
389 1022 499 1055 calces
517 1022 694 1055 extendit:
719 1026 756 1055 at
772 1022 874 1055 illum

26 1065 192 1100 Hesterni
210 1067 324 1111 capite
341 1067 464 1101 induto
482 1066 614 1101 subiere
632 1067 792 1109 Quirites

72 1113 199 1156 Tange,
216 1114 329 1155 miser,
347 1125 452 1148 venas
469 1118 504 1147 et
521 1124 610 1158 pone
626 1114 663 1146 in
680 1118 818 1157 pectore
835 1112 1005 1156 dextram,

26 1157 116 1192 “Nil
133 1159 224 1192 calet
240 1159 297 1192 hic
309 1158 338 1199 ;’'
364 1170 584 1203 summosque
600 1159 704 1203 pedes
721 1159 857 1203 attinge
873 1170 1076 1203 manusque,

25 1204 46 1222 “
55 1205 89 1238 N
90 1216 134 1239 on
150 1204 447 1248 frigent.”—Visa
463 1208 515 1238 est
532 1205 561 1238 si
578 1204 667 1238 forte
683 1205 840 1249 pecunia,
859 1205 930 1239 sive

25 1250 182 1284 Candida
198 1250 305 1284 vicini
322 1249 463 1284 subrisit
479 1250 583 1285 molle
599 1250 727 1295 puella,
1079 1251 1146 1284 110

25 1297 90 1330 Cor
106 1296 172 1330 tibi
187 1296 255 1330 rite
271 1296 373 1330 salit?
398 1296 558 1330 Positum
574 1300 626 1330 est
642 1296 780 1340 algente
797 1296 931 1330 catinot

24 1341 162 1376 Durum
179 1342 263 1384 olus,
280 1346 316 1375 et
332 1342 454 1386 populi
470 1342 580 1375 cribro
597 1342 741 1375 decussa
756 1342 880 1384 farina,

24 1387 211 1421 'Pentemus
227 1387 364 1422 fauces:
391 1391 510 1421 tenero
526 1387 614 1420 latet
632 1387 730 1420 ulcus
746 1387 784 1420 in
801 1398 858 1420 ore

24 1432 143 1477 Putre,
161 1433 252 1478 quod
269 1432 364 1466 haud
382 1432 502 1466 deceat
518 1432 654 1476 plebeia
669 1432 788 1466 radere
805 1432 894 1466 beta.

23 1479 139 1523 Alges,
157 1490 266 1523 quum
283 1478 436 1512 excussit
451 1478 614 1511 membris
630 1478 734 1512 timor
751 1478 849 1512 albus
866 1478 1007 1519 aristas;

23 1524 128 1558 Nunc
144 1525 220 1558 face
237 1524 417 1569 supposita
433 1524 593 1557 fervescit
610 1524 761 1568 sanguis,
779 1529 815 1558 et
831 1524 883 1558 ira

23 1569 227 1604 Scintillant
243 1570 346 1613 oculi,
363 1569 517 1614 dicisque
533 1569 696 1614 facisque,
715 1570 807 1613 quod
823 1570 897 1614 ipse

23 1615 103 1650 Non
119 1616 195 1650 sani
212 1627 284 1649 esse
299 1615 450 1649 hominis
467 1626 537 1649 non
554 1626 658 1649 sanus
671 1616 768 1659 juret
786 1615 932 1650 Orestes.

135 1679 146 1693 2
162 1673 269 1698 modice
282 1672 421 1699 modicum
629 1680 640 1694 ι
658 1672 732 1698 lente
858 1669 867 1685 ‘
886 1672 995 1698 camino
