1284 1922
87 44 130 78 72
396 41 438 75 D.
463 41 596 76 JUNII
621 40 885 75 JUVENALIS

87 107 178 141 Nam
194 118 247 140 res
263 107 442 140 mortifera
459 110 510 140 est
527 106 688 139 inimicus
705 107 843 150 pumice
859 107 954 141 levis.

88 153 156 193 Qui
172 153 273 186 modo
291 156 460 185 secretum
477 153 703 192 commiserat,
721 152 818 185 ardet
836 156 870 185 et
887 153 970 195 odit,

87 199 268 242 Tanquam
285 198 504 249 prodiderim,
522 197 691 241 quidquid
709 198 786 231 scio.
828 197 968 231 Sumere
984 197 1123 240 ferrum,

87 243 196 277 Fuste
213 243 345 289 aperire
363 247 478 287 caput,
496 243 676 276 candelam
690 254 861 287 apponere
877 244 987 277 valvis

88 289 168 322 Non
185 289 333 322 dubitat
373 289 446 322 Nec
463 292 661 321 contemnas
679 296 741 322 aut
758 289 935 332 despicias,
954 289 1046 333 quod

90 334 156 368 His
174 334 296 378 opibus
313 345 494 378 nunquam
511 345 590 367 cara
607 337 660 367 est
676 345 814 367 annona
832 335 965 367 veneni.
1139 335 1203 366 100

89 379 181 423 Ergo
199 380 335 413 occulta
352 383 456 422 teges,
474 383 515 412 ut
532 379 630 412 curia
646 379 770 412 Martis
789 380 966 412 Athenis.
967 403 1014 408 —

90 425 118 458 Ο
138 426 303 469 Corydon,
322 425 489 468 Corydon,
508 429 677 458 secretum
694 425 812 458 divitis
829 426 941 458 ullum

90 471 174 504 Esse
190 470 316 514 putas?
358 470 455 503 Servi
473 474 511 503 ut
528 474 678 512 taceant,
691 471 854 513 jumenta
870 471 1056 514 loquentur

90 516 137 549 Et
155 516 249 549 canis
267 519 301 549 et
318 519 431 559 postes
449 519 483 549 et
500 526 678 548 marmora.
721 515 850 548 Claude
866 516 1044 558 fenestras,

92 561 179 595 Vela
196 565 318 604 tegant
335 561 450 603 rimas,
463 562 573 604 junge
591 561 688 603 ostia,
705 561 818 593 tollite
836 561 955 594 lumen

92 607 120 640 E
138 607 261 649 medio,
279 606 432 639 clamant
450 617 576 649 omnes,
594 617 699 650 prope
716 618 816 639 nemo
833 606 1034 640 recumbat:

93 652 193 693 Quod
211 656 328 685 tamen
346 651 390 684 ad
408 655 551 684 cantum
568 651 653 694 galli
670 652 755 684 facit
772 652 831 684 ille
849 653 1000 694 secundi,

93 697 275 731 Proximus
292 701 374 730 ante
392 697 483 729 diem
500 708 609 741 caupo
627 698 732 730 sciet:
758 698 878 730 audiet
895 702 930 730 et
947 709 1024 742 quae

93 743 290 777 Finxerunt
307 742 436 786 pariter
452 741 622 785 librarius,
641 743 872 785 archimagiri,

94 789 283 832 Carptores.
326 787 424 828 Quod
442 788 535 820 enim
552 769 716 821 duliitant
734 800 936 831 componere
953 788 1082 822 crimen

95 835 138 867 In
155 834 320 874 dominos,
338 833 471 876 quoties
488 833 682 866 rumoribus
699 833 916 867 ulciscuntur
1145 835 1209 865 110

94 879 239 913 Baltea?
282 879 353 912 Nec
371 878 480 912 deerit
499 879 559 921 qui
577 882 611 911 te
629 890 690 922 per
707 879 858 922 compita
875 883 1009 922 quaerat

95 925 280 958 Nolentem
298 928 332 957 et
349 924 509 956 miseram
526 924 666 957 vinosus
683 924 830 957 inebriet
847 936 976 959 aurem.

98 970 182 1004 Illos
200 981 279 1013 ergo
296 980 403 1012 roges,
422 969 592 1012 quidquid
609 969 725 1013 paullo
742 974 824 1002 ante
841 970 981 1013 petebas

97 1016 127 1049 A
144 1016 242 1049 nobis
257 1028 264 1056 ;
290 1018 429 1048 taceant
445 1015 498 1047 1111
512 1027 518 1048 :
543 1015 601 1047 sed
617 1015 759 1058 prodere
776 1015 914 1049 malunt

97 1061 284 1099 Arcanum
302 1072 406 1104 quam
424 1061 573 1104 surrepti
590 1064 709 1104 potare
727 1060 876 1103 Falerni,

98 1107 165 1139 Pro
182 1107 309 1150 populo
327 1106 457 1138 faciens
475 1109 647 1149 quantum
664 1105 803 1139 Saufeia
819 1106 967 1140 bibebat.

99 1152 297 1185 Vivendum
313 1155 406 1184 recte
423 1154 475 1184 est
493 1162 601 1193 quum
618 1155 758 1194 propter
774 1152 935 1195 plurima,
948 1156 1025 1185 tum
1042 1153 1095 1185 his

100 1197 280 1240 Praecipue
298 1196 419 1238 causis,
436 1199 477 1228 ut
494 1196 631 1239 linguas
648 1196 901 1249 mancipiorum

101 1243 328 1276 Contemnas:
354 1253 436 1274 nam
453 1241 575 1285 lingua
590 1241 675 1274 mali
692 1253 771 1285 pars
788 1243 936 1285 pessima
953 1244 1051 1277 servi.
1149 1246 1214 1276 120

100 1288 258 1322 Deterior
275 1292 392 1321 tamen
409 1286 474 1329 hic,
494 1287 552 1330 qui
569 1287 655 1319 liber
671 1298 740 1319 non
758 1288 823 1320 erit
840 1288 919 1331 illis,

102 1333 256 1397 Quorum
273 1333 406 1366 animas
424 1336 459 1365 et
475 1332 566 1365 farre
584 1343 643 1365 suo
661 1333 811 1366 custodit
828 1337 863 1367 et
881 1345 953 1367 aere

151 1379 337 1422 ‘[Idcirco
354 1383 395 1412 ut
412 1380 539 1422 possim
556 1380 713 1424 linguam
730 1383 947 1412 contemnere
965 1380 1050 1410 servi
1056 1379 1078 1422 l

103 1424 199 1458 Utile
217 1424 399 1457 consilium
415 1423 526 1465 modo,
545 1407 628 1456 sed0
621 1434 812 1466 commune,
830 1424 976 1457 dedisti:

103 1470 206 1503 Nunc
222 1469 311 1502 mihi
327 1469 411 1512 quid
430 1469 551 1501 suades
567 1472 645 1520 post
663 1450 830 1501 damnum
847 1470 1015 1514 temporis
1028 1475 1062 1505 et
1080 1483 1155 1515 spes

105 1515 276 1558 Deceptas
290 1514 302 1548 ’ἒ
344 1514 502 1547 Festinat
520 1515 612 1546 enim
630 1513 809 1547 decurrere
826 1515 927 1548 velox

105 1560 132 1593 F
136 1560 285 1593 losculus
303 1563 462 1603 angustae
479 1560 682 1602 miseraeque
699 1559 898 1594 brevissima
915 1561 996 1594 vitae

106 1605 245 1639 Portio:
271 1586 370 1638 dume,
372 1605 532 1647 bibimus,
551 1605 635 1638 dum
653 1609 752 1647 serta,
770 1610 960 1649 unguenta,
936 1608 1111 1680 *puellas

107 1650 446 1694 Poscimus,0b1epit
463 1662 532 1683 non
549 1649 730 1684 intellecta
747 1653 935 1685 scnectuss’

107 1696 160 1731 Ne
176 1696 330 1741 trepida:
356 1708 535 1740 nunquam
553 1695 714 1740 pathicus
732 1697 796 1730 tibi
814 1697 923 1731 deerit
940 1698 1081 1742 amicus,
1155 1701 1219 1732 130
