1284 1922
55 47 120 78 102
377 45 419 79 D.
438 44 571 79 JUNII
589 44 855 80 ‚JUVENALIS

54 110 195 145 Mobilis
213 113 248 145 et
265 110 362 145 varia
379 114 431 145 est
447 111 556 145 ferme
572 114 700 145 natura
715 111 895 146 malorum.

55 157 171 198 Quum
189 157 298 190 scelus
316 157 519 201 admittunt,
539 161 694 202 superest
712 158 927 192 constantia:
954 157 1039 202 quid
1055 157 1109 192 fas

54 203 173 246 Atque
190 203 296 246 nefas,
314 203 458 236 'candem
474 203 650 248 incipiunt
668 204 796 237 sentire
813 204 963 247 peractis

56 248 276 282 Criminibus.
318 249 449 282 Tamen
466 249 511 282 ad
527 261 638 283 mores
655 252 784 283 natura
802 250 949 283 recurrit

55 293 258 337 Damnates,
275 294 348 329 fixa
366 298 400 328 et
417 295 548 328 mutari
565 296 690 330 nescia.
730 295 823 328 Nam
840 295 917 339 quis
1112 296 1181 328 240

56 339 231 374 Peccandi
247 340 352 374 finem
370 341 486 384 posuit
505 341 593 374 sibi?
621 341 760 384 quando
777 342 910 385 recepit,

57 385 219 429 Ejectum
237 387 339 419 semel
359 387 483 420 attrita
500 387 542 420 de
558 387 672 421 fronte
688 387 871 421 ruborem?

59 431 227 472 Quisnam
244 432 426 466 hominum
444 436 505 476 est,
519 444 623 477 quem
639 437 681 467 tu
698 437 903 466 contentum
920 432 1048 466 videris
1065 444 1134 466 uno

58 476 235 521 Flagitio2
276 478 384 512 Dabit
401 478 439 511 in
456 479 621 522 laqueum
638 479 786 522 vestigia
802 482 919 512 noster

58 522 217 557 Perfidus
234 527 269 557 et
285 524 377 567 nigri
394 524 549 568 patietur
565 525 710 558 carceris
728 536 868 567 uncum,

58 569 133 603 Aub
149 569 255 603 maris
271 569 385 613 AEgaei
402 581 525 614 rupem
543 570 769 614 scopulosque
787 570 988 613 frequentes

60 614 251 649 Exsulibus
267 616 414 659 magnis.
455 616 572 649 Poena
589 616 755 660 gaudebis
773 627 891 650 amara

62 659 222 694 Nominis
238 661 342 695 invisi
359 662 571 705 tandemque
588 662 741 696 fatebere
758 662 870 705 laetus,

60 705 94 741 N
96 718 134 741 ec
151 706 306 751 surdum,
323 718 387 742 nec
405 708 572 742 Tiresiam
589 719 789 753 quenquam
805 719 877 743 esse
892 708 1054 742 Deorum.

536 835 630 845 uwwvm
633 835 708 845 »Μ

440 934 669 972 SATIRA
695 935 809 973 XIV.

65 1037 242 1071 Pmmm
260 1039 353 1081 sunt,
370 1037 528 1081 Fusoine,
547 1039 582 1070 et
598 1037 693 1070 fama
710 1036 817 1080 digna
835 1036 974 1070 sinistra

65 1082 113 1117 Et
129 1083 250 1116 nitidis
267 1083 442 1117 maculam
459 1083 632 1116 haesuram
649 1083 794 1126 figentia
811 1082 923 1125 rebus,

68 1130 152 1170 Quae
169 1133 366 1163 monstrant
382 1129 450 1173 ipsi
466 1129 582 1173 pueris
599 1129 814 1171 traduntque
831 1132 999 1172 parentes.

67 1175 105 1209 Si
122 1176 288 1208 damnosa
304 1186 420 1208 senem
433 1176 537 1218 juvat]
554 1175 640 1217 alea,
658 1174 750 1207 ludit:
768 1177 802 1206 ei:
819 1174 917 1207 heres

67 1221 240 1263 Bullams,
257 1231 432 1265 parvoque
449 1220 568 1253 eadem
585 1223 701 1253 movet
717 1231 814 1252 arma
830 1220 962 1252 fritillo.

68 1267 102 1300 N
104 1278 142 1300 ec
158 1266 283 1300 melius
300 1266 343 1299 de
360 1278 395 1299 se
412 1266 576 1310 cuiquam
594 1276 730 1310 sperare
746 1265 940 1309 propinquo

70 1312 242 1346 Concedet
255 1311 405 1356 juvenis,
423 1312 485 1355 qui
500 1312 620 1344 radere
637 1311 760 1344 tubera
776 1315 886 1354 terrae,

70 1357 233 1392 Boletum
250 1358 389 1391 condire
405 1361 440 1391 et
458 1357 576 1390 eodem
588 1358 667 1400 jure
683 1359 845 1389 natantes

71 1404 229 1447 Mergere
245 1403 411 1437 ficedulas
429 1403 562 1446 didicit,
580 1402 751 1436 nebulone
767 1405 912 1446 parente

71 1449 118 1483 Et
135 1461 223 1483 cana
238 1452 455 1483 monstrante
472 1449 564 1492 gula.
599 1448 714 1489 Quum
732 1448 899 1491 septimus
916 1458 1027 1481 annus
1146 1450 1189 1481 10

72 1495 262 1528 Transierit
278 1506 395 1539 puero,
413 1495 568 1527 nondum
586 1494 680 1527 omni
697 1494 801 1526 dente
816 1497 945 1536 renato,

72 1540 240 1575 Barbatos
257 1541 340 1574 licet
357 1541 540 1574 admoveas
556 1540 652 1573 mille
668 1539 749 1572 inde
765 1539 957 1582 magistros,

74 1586 168 1619 Hinc
185 1587 341 1629 totidem,
359 1586 476 1630 cupiet
493 1586 590 1619 lauto
608 1596 742 1618 coenare
758 1589 886 1629 paratu

73 1631 224 1676 Semper,
242 1635 277 1665 et
295 1644 315 1665 a
331 1643 460 1675 magna
475 1643 545 1664 non
563 1631 769 1673 degenerare
787 1630 912 1664 culina.

74 1677 199 1710 Mitem
217 1678 373 1711 animum
391 1681 425 1710 et
441 1689 551 1710 mores
568 1676 712 1709 modicis
729 1675 897 1709 erroribus
915 1686 1028 1719 aequos

74 1723 249 1768 Praeeipit,
266 1726 372 1767 atque
388 1723 521 1757 animas
539 1733 715 1756 servorum
733 1725 767 1756 et
785 1732 926 1766 corpora
942 1725 1060 1756 nostra
