1284 1922
108 49 175 82 134
594 45 752 79 PERSII

106 114 279 158 Pel-vehit,
297 125 387 158 saepe
403 113 535 147 insulso
552 113 722 147 coenanda
740 112 893 156 Glyconi.

107 161 160 194 Tu
176 172 289 205 neque
306 160 497 203 anhelanti,
516 159 677 203 coquitur
694 159 779 192 dum
794 170 908 192 massa
925 159 1072 204 camino,
1187 161 1229 193 lc

106 206 203 240 Folle
220 206 348 251 premis
364 210 494 249 ventos,
512 217 576 239 nec
594 205 709 238 clauso
726 216 904 237 murmure
920 216 1047 239 raucus

105 252 231 286 Nescio
248 252 333 296 quid
350 255 467 285 tecum
484 262 589 295 grave
607 250 792 284 cornicaris
808 250 936 294 inepte,

105 298 179 332 Nec
197 299 333 342 stloppo
350 298 502 331 tumidas
518 297 672 330 intendis
688 307 849 340 rumpere
865 297 1008 332 buccas:

106 343 222 377 Verba
238 348 328 388 togae
347 344 498 388 sequeris
509 344 680 387 junctura
697 342 844 376 callidus
861 343 943 386 acri,

107 389 174 423 Ore
191 393 304 423 teres³
319 390 464 433 modico,
482 389 653 433 pallentes
669 388 790 422 radere
805 400 918 422 mores

105 434 238 469 Doctus
256 439 291 469 et
307 435 460 479 ingenuo
477 435 617 479 culpam
635 434 784 477 defigere
801 434 894 468 ludo.
975 468 977 471 ,

106 480 200 515 Hinc
217 481 318 515 trahe
335 492 412 525 quae
429 481 533 524 dicas,
550 491 755 523 mensasque
771 480 929 523 relinque
946 479 1129 524 Mycenisb

106 526 194 561 Cum
210 527 322 571 patite
339 531 374 561 et
391 526 548 571 pedibus,
565 525 770 570 plebeiaque
786 526 934 569 prandia
951 526 1123 560 noris.'⁷-—

151 573 231 606 Non
248 573 412 616 equidem
428 573 492 606 hoc
510 572 641 613 studeo,
660 571 823 616 pullatisc
840 575 880 605 ut
896 572 984 605 mihi
1002 572 1106 616 nugis

104 617 240 662 Pagina
257 622 434 662 turgescat
451 619 532 651 dare
549 618 686 662 pondus
702 617 827 651 idonea
843 617 950 652 fumo.
1180 621 1226 652 20

104 663 235 698 Secreti
251 665 436 708 loquimur,
453 664 519 698 tibi
535 675 640 706 nunc,
658 664 821 696 hortante
840 663 1000 706 Camena,

103 709 325 744 Excutienda
342 710 465 743 damus
482 710 681 754 praecordia,
700 712 900 753 quantaque
917 714 1043 742 nostrae

103 755 187 789 Pars
205 760 267 790 tua
285 756 339 799 sit,
357 756 518 797 Oomute,
536 756 670 798 ammte,
688 755 763 797 tibi,
781 755 893 788 dulcis
910 755 1030 797 amice,

104 802 302 835 Ostendisse
314 803 429 845 juvat.
476 803 595 843 Pulsa,
613 804 811 846 dignoscere
827 808 951 838 cautus

104 847 196 889 Quid
214 848 362 881 solidum
380 851 505 891 crepet,
524 851 558 880 et
575 847 678 891 pictae
695 846 842 880 tectoria
858 847 999 890 linguae.

103 893 170 926 His
188 905 250 936 ego
268 898 431 927 centenas
449 893 563 926 ausim
580 893 762 936 deposcere
778 892 897 926 fauces
905 895 930 935 d,

102 939 160 981 Ut,
180 943 352 983 quantum
369 939 457 972 mihi
475 943 509 972 te
527 939 663 972 sinuoso
680 938 717 971 in
734 941 871 982 pectore
888 938 961 981 fixi,

102 984 194 1018 Voce
211 985 348 1018 traham
365 996 463 1029 pura,
481 988 664 1028 totumque
681 984 746 1017 hoc
763 983 867 1018 verba
883 984 1071 1028 resignent,

102 1030 200 1072 Quod
218 1031 306 1064 latet
324 1042 450 1064 arcana
466 1042 536 1063 non
554 1030 747 1064 enarrabile
764 1029 859 1063 fibra.

149 1077 264 1118 Quum
281 1077 433 1121 primum
449 1076 576 1120 pavido
593 1080 706 1109 custos
722 1075 810 1108 mihi
827 1087 982 1119 purpura
999 1075 1111 1120 cessit,
1175 1078 1221 1110 30

101 1121 274 1166 Bullaque
292 1123 477 1156 succinctis
494 1122 625 1155 laribus
642 1122 772 1155 donata
788 1121 975 1165 pependit3

101 1167 219 1208 Quum
237 1168 358 1201 blandi
376 1169 518 1201 comites
537 1171 681 1211 totaque
699 1168 842 1211 impune
860 1166 1016 1201 Suburra

99 1213 263 1247 Permisit
281 1214 443 1257 sparsisse
460 1213 575 1246 oculos
587 1215 663 1256 jam
681 1213 848 1246 candibus
866 1212 990 1254 umbo3

100 1259 282 1303 Quumque
300 1260 366 1292 iter
383 1258 587 1302 ambiguum
605 1262 665 1301 est,
684 1262 719 1291 et
736 1259 819 1291 vitae
836 1259 973 1292 nescius
989 1270 1083 1292 error

99 1304 265 1338 Diducite
283 1305 436 1348 trepidas
454 1316 588 1337 ramosa
605 1304 642 1337 in
660 1304 811 1347 compita
827 1308 970 1347 mentes,

99 1349 157 1384 Me
175 1351 239 1384 tibi
257 1351 438 1395 supposui:
464 1355 598 1383 teneros
616 1353 655 1383 tu
674 1350 817 1393 suscipis
835 1360 943 1383 annos

98 1396 282 1440 Socratico,
301 1397 460 1439 Coruute,
479 1396 577 1436 sinu;
606 1399 693 1429 tunc
709 1395 829 1429 fallere
848 1395 966 1429 sollers

101 1443 271 1486 Apposita
288 1443 434 1475 intortos
452 1442 611 1475 extendit
628 1441 749 1484 regula
765 1452 885 1483 moreS,

97 1488 144 1521 Et
161 1489 331 1532 premitlu·
346 1488 480 1521 ratione
497 1489 633 1520 animus
651 1487 811 1531 vincique
827 1487 972 1531 laborat,

97 1534 347 1577 Aitificemque
365 1539 424 1567 tuo
442 1534 539 1566 ducit
557 1533 619 1566 sub
623 1533 760 1585 pollice
777 1532 924 1566 vultum.
1173 1534 1218 1567 40

97 1579 227 1612 Tecum
244 1580 373 1613 etenim
390 1580 510 1623 longos
527 1579 670 1612 memini
689 1589 888 1612 consumere
905 1578 1002 1622 soles,

97 1624 143 1658 Et
162 1629 279 1658 tecum
295 1626 424 1670 primas
441 1625 553 1669 epulis
571 1625 752 1668 deceipere
768 1628 895 1657 noctes.

97 1670 217 1704 Unum
233 1683 319 1715 opus
337 1676 372 1705 ct
388 1672 543 1715 requiem
560 1682 623 1715 pai
625 1671 691 1703 iter
708 1670 922 1714 disponimus
939 1668 1051 1712 ambo,

132 1727 146 1740 ⁸
164 1728 228 1753 teris
327 1725 340 1742 b
362 1728 496 1760 Mycenas
596 1727 740 1752 “bullatis
839 1725 851 1741 ⁶
870 1734 948 1753 voces
1043 1728 1053 1742 θ
1072 1723 1183 1750 deducit
