1284 1922
464 305 696 342 SATIRA
723 305 775 342 Π.

59 418 188 454 ULTRA
205 419 426 454 Sauromatas
443 421 564 464 fugere
580 421 663 454 hinc
679 420 766 454 libet
783 423 819 454 et
835 420 1018 464 glacialem

60 464 245 509 Oceanum,
263 467 397 510 quoties
414 467 548 510 aliquid
565 467 608 500 de
624 466 776 500 moribus
794 467 926 500 audent

60 509 127 551 Qui
146 511 264 545 Curios
281 512 448 546 simulant
466 516 501 546 et
518 511 752 546 Bacchanalia
768 512 904 546 vivunt.

57 555 199 590 Indoeti
216 557 367 601 primum
383 570 389 590 :
415 569 614 602 quanquam
630 558 734 601 plena
751 558 868 591 omnia
884 569 992 602 gypso

58 601 241 646 Chrysippi
259 603 422 636 invenies.
471 603 561 636 Nam
579 603 848 647 perfectissimus
865 603 989 636 horum
1007 606 1067 646 est,

56 646 94 680 Si
111 648 187 690 quis
205 648 426 682 Aristotelem
444 649 591 682 similem
609 649 663 682 vel
681 648 844 682 Pittacon
861 649 956 691 emit,

55 691 103 725 Et
114 692 217 736 jubet
234 694 439 737 archetypos
456 694 617 737 pluteum
634 705 769 728 servare
786 694 981 728 Cleanthas.

55 736 193 771 Frontis
210 739 308 772 nulla
325 739 417 773 fides.
467 740 550 780 Quis
567 739 660 773 enim
676 749 745 771 non
762 739 857 772 vicus
873 738 1030 773 abundat

55 781 227 816 Tristibus
244 784 398 818 obscenis
414 785 427 817 ’ἒ
476 785 632 828 Castigas
649 785 777 828 turpia,
796 796 904 828 quum
921 785 966 818 sis

55 827 153 862 Inter
170 828 360 863 Socraticos
376 830 556 864 notissima
572 831 663 863 fossa
681 830 847 864 cinaedos!
1130 832 1173 864 10

55 872 205 918 Hispida
221 875 376 909 membra
392 875 533 919 quidem
551 880 585 909 et
603 876 698 909 durae
714 887 776 920 per
791 875 934 910 brachia
952 879 1034 909 setae

54 918 272 954 Promittunt
289 924 440 954 atrocem
457 921 630 954 animum:
657 921 715 954 sed
732 921 853 965 podice
870 921 940 955 levi

55 964 245 999 Caeduntur
261 966 416 1009 tumidae,
433 967 565 1000 medico
582 967 728 1009 ridente,
744 967 909 1000 mariscae.

54 1009 166 1044 Rarus
183 1022 292 1045 sermo
308 1011 377 1045 illis
395 1016 430 1045 et
446 1023 574 1056 magna
590 1011 698 1045 libido
716 1012 864 1055 tacendi,

53 1057 170 1100 Atque
188 1057 371 1101 supercilio
387 1057 523 1091 brevior
539 1068 645 1091 coma.
695 1057 819 1091 Verius
833 1069 914 1101 ergo

52 1100 99 1134 Et
115 1103 227 1145 magis
244 1103 395 1146 ingenue
413 1102 627 1136 Peribomius
641 1115 648 1136 ε
673 1103 768 1136 hunc
785 1115 848 1146 ego
864 1104 946 1137 fatis

53 1146 203 1191 Imputo,
221 1148 281 1192 qui
299 1148 401 1181 vultu
416 1148 575 1182 morbum
591 1148 796 1192 incessuque
812 1149 945 1182 fatetur
959 1161 966 1182 ε

52 1191 188 1226 Horum
205 1193 408 1238 simplicitas
425 1193 630 1227 miserabilis
645 1206 653 1235 ;
677 1194 731 1227 his
748 1194 843 1228 furor
858 1195 932 1239 ipse

50 1237 122 1271 Dat
139 1239 285 1272 veniam.
333 1239 400 1273 Sed
417 1241 557 1284 pejores,
577 1240 636 1283 qui
653 1239 739 1274 talia
756 1239 868 1274 verbis

51 1282 214 1318 Herculis
230 1285 404 1319 invadunt
420 1289 464 1326 et,
483 1285 525 1319 de
541 1285 672 1319 virtute
688 1285 806 1327 locuti,
1124 1287 1168 1320 20

49 1328 192 1362 Clunem
210 1330 356 1371 agitant.
406 1331 427 1346 “
439 1329 514 1373 Ego
533 1336 566 1364 te
583 1334 769 1371 ceventem,
789 1330 904 1372 Sexte,
922 1330 1062 1364 verebor
1074 1329 1110 1364 ‘i'’

50 1374 196 1407 Infamis
214 1374 366 1408 Varillus
383 1375 434 1408 ait
450 1387 457 1409 ε
483 1377 503 1393 “
515 1387 583 1419 quo
601 1376 749 1409 deterior
765 1375 826 1409 te?

48 1420 253 1465 Loripedem
268 1425 383 1455 rectus
400 1421 566 1464 derideat,
583 1421 784 1465 AEthiopem
801 1421 908 1454 albus.

49 1465 133 1506 Quis
149 1467 271 1500 tulerit
289 1467 459 1501 Gracchos
477 1467 519 1500 de
536 1466 703 1500 seditione
720 1470 903 1510 querentes
917 1465 930 1499 'l

49 1511 133 1552 Quis
150 1512 275 1546 coelum
292 1513 392 1546 terris
409 1524 478 1546 non
494 1513 638 1545 misceat
655 1516 690 1546 et
706 1523 801 1546 mare
817 1512 912 1556 coelo,

47 1555 84 1590 Si
101 1557 159 1590 fur
175 1558 356 1602 displiceat
373 1558 482 1601 Verri,
500 1558 674 1591 homicida
690 1557 826 1601 Miloni,

48 1601 188 1636 Clodius
204 1607 343 1637 accuset
359 1604 518 1646 moechos,
533 1603 684 1637 Catilina
701 1603 893 1647 Cethegum
908 1601 921 1638 ἲ

48 1646 93 1680 In
110 1648 267 1682 tabulam
283 1649 389 1683 Sullae
406 1650 435 1682 si
451 1649 570 1682 dicant
587 1649 750 1693 discipuli
766 1649 858 1682 tres?

48 1692 167 1733 Qualis
184 1698 258 1727 erat
274 1706 386 1739 nuper
402 1695 534 1737 tragico
551 1694 706 1739 pollutus
723 1695 863 1728 adulter

48 1737 261 1774 Concubitu:
287 1741 348 1784 qui
365 1745 450 1774 tunc
467 1741 559 1785 leges
575 1740 759 1774 revocabat
776 1751 910 1774 amaras
1119 1740 1164 1774 30
