1284 1922
479 64 651 98 SATIRA
669 64 717 100 ΙΙ.
1143 67 1186 100 11

60 129 96 164 N
96 142 140 164 ou
156 131 290 166 facient
305 131 377 175 alii,
394 143 504 176 quum
521 137 562 166 tu
577 133 738 166 multicia
756 143 882 176 sumas,

59 176 204 221 Cretice,
221 182 257 211 et
270 178 362 212 hanc
380 183 511 212 vestem
529 179 658 223 populo
674 179 826 212 mirante
843 189 979 222 perores

59 221 103 256 In
120 222 285 257 Proculas
302 229 338 258 et
355 224 501 258 Pollitas
516 224 528 258 2
554 224 617 258 Est
633 224 769 258 moecha
786 224 935 258 Fabulla
952 237 963 266 ς

57 267 263 312 Damnetur,
281 270 311 303 si
327 270 389 311 vis,
407 271 514 304 etiam
532 270 683 304 Carfinia
698 282 705 304 :
731 270 840 304 talem

57 312 137 347 Non
154 319 268 348 sumet
285 315 449 350 damnata
466 321 594 360 togam.
643 318 661 334 ‘⁴
673 316 742 350 Sed
759 316 878 350 Julius
895 317 1006 358 ardet,
1143 316 1186 350 70

56 358 214 393 AEstu0.”
261 361 386 394 Nudus
401 373 485 405 agas
499 364 506 396 ἔ
532 363 648 395 minus
665 366 717 396 est
734 363 881 396 infamia
897 364 1020 406 turpis.

57 404 113 438 En
129 405 301 450 habitum,
320 417 389 450 quo
406 412 441 440 te
457 408 552 450 leges
569 419 609 441 ac
621 409 705 451 jura
722 409 894 440 ferentem

56 450 270 486 Vulneribus
288 452 407 486 crudis
423 453 574 497 populus
591 453 694 486 modo
710 453 832 495 victor,
849 457 885 486 et
901 453 994 486 illud

54 495 267 531 Montanum
283 499 405 542 positis
422 499 561 533 audiret
578 499 706 542 vulgus
723 499 849 532 aratris
864 502 872 534 Ξ

55 542 149 584 Quid
165 555 236 578 non
252 544 454 588 proclames,
471 545 509 578 in
527 556 666 589 corpore
679 545 810 588 judicis
827 544 897 578 ista

54 588 92 622 Si
108 589 226 623 videas
240 590 253 624 2
280 590 412 633 Quaero,
429 602 475 624 an
492 591 639 624 deceant
656 591 817 624 multicia
834 594 959 624 testem
976 590 989 624 ³

54 635 144 669 Acer
157 639 193 669 et
208 636 401 670 indomitus
418 636 662 680 libertatisque
678 637 856 680 magister,

54 680 198 723 Cretice,
215 681 372 726 perluees
387 685 394 718 !
421 682 529 716 Dedit
545 682 637 716 hanc
655 682 816 726 contagio
834 681 960 726 labem,

53 725 101 760 Et
117 727 216 761 dabit
232 727 271 761 in
287 727 427 772 plures:
453 729 544 762 sicut
561 739 647 771 grex
664 733 760 762 totus
778 729 815 761 in
832 728 926 772 agris

54 772 167 806 Unius
184 773 298 807 scabie
315 774 411 808 cadit
427 778 463 808 et
480 775 655 818 porrigine
672 774 780 818 porci,
1138 775 1182 807 80

54 818 200 863 Uvaque
217 824 378 853 contacta
394 819 540 854 livorem
556 820 655 854 ducit
671 820 716 854 ab
732 831 811 854 uva.

101 864 242 898 Foedius
258 865 324 899 hoc
340 866 475 910 aliquid
492 867 701 910 quandoque
719 865 862 900 audebis
878 865 1022 900 amictu.

53 909 164 944 Nemo
180 915 324 955 repente
340 913 438 945 venit
454 912 677 956 turpissimus
691 925 698 946 ι
724 912 897 955 accipient
915 916 950 945 te

53 955 240 1000 Paulatim,
257 958 319 1001 qui
336 957 442 1001 longa
459 957 552 990 domi
568 958 775 991 redimicula
792 962 938 991 sumunt

51 1001 241 1036 Frontibus
257 1007 293 1036 et
310 1007 383 1037 toto
399 1014 544 1048 posuere
560 1003 705 1036 monilia
722 1003 820 1046 collo,

52 1047 169 1092 Atque
186 1048 320 1082 Bonam
337 1053 465 1083 tenerae
482 1049 625 1093 placant
641 1048 829 1082 abdomine
846 1060 961 1093 poreae

51 1092 99 1128 Et
114 1105 243 1137 magno
260 1099 392 1128 cratere
408 1095 520 1128 Deam
535 1107 544 1136 ;
569 1095 629 1128 sed
645 1106 740 1128 more
758 1095 898 1128 sinistro

50 1138 244 1184 Exagitata
260 1140 382 1184 procul
398 1152 468 1174 non
486 1141 597 1174 intrat
614 1141 747 1174 femina
763 1140 871 1173 limen
887 1153 894 1173 :

50 1184 140 1219 Solis
156 1197 216 1219 ara
234 1185 317 1220 Deae
334 1185 489 1220 maribus
506 1190 614 1231 patet.
659 1187 679 1203 “
690 1185 745 1219 Ite
761 1186 912 1230 profante
928 1185 959 1220 1²²

51 1230 232 1265 clamatur
248 1243 255 1265 :
280 1232 379 1265 nullo
396 1232 506 1276 gemit
523 1232 581 1265 hic
597 1231 746 1266 tibicina
762 1243 880 1266 cornu.
1138 1233 1183 1265 90

50 1276 150 1312 Talia
166 1282 298 1311 secreta
315 1278 500 1311 coluerunt
517 1279 614 1321 orgia
631 1278 726 1311 taeda
868 1282 871 1285 ⁴

50 1322 251 1368 Cecropiam
269 1323 363 1357 soliti
381 1324 503 1368 Baptae
521 1324 650 1357 lassare
668 1323 820 1367 Cotytto.

50 1367 116 1402 Ille
133 1369 361 1413 supercilium
378 1370 524 1403 madida
539 1370 692 1413 fuligine
710 1374 848 1402 tactum

50 1414 201 1458 Obliqua
217 1415 382 1460 producit
399 1427 465 1449 acu
482 1416 671 1460 pingitque
689 1419 880 1448 trementes

48 1460 223 1494 Attollens
240 1461 377 1495 oculos:
403 1462 513 1495 vitreo
529 1460 619 1494 bibit
636 1461 696 1494 ille
713 1460 849 1505 Priapo,

0 1510 2 1521 ¹
50 1505 323 1550 Reticulumque
340 1507 448 1540 comis
465 1512 630 1540 auratum
647 1507 852 1550 ingentibus
869 1506 1005 1551 implet,

49 1551 206 1586 Caerulea
222 1552 370 1586 indutus
388 1553 566 1587 scutulata
583 1556 647 1586 aut
664 1552 808 1596 galbina
824 1564 913 1595 rasa,

47 1596 96 1631 Et
111 1609 173 1642 per
189 1598 215 1632 J
216 1610 369 1632 unonem
386 1599 519 1632 domini
532 1600 678 1642 jurante
693 1599 864 1632 ministro.

48 1642 115 1676 Ille
131 1648 229 1678 tenet
245 1644 437 1688 speculum,
455 1645 591 1688 pathici
609 1648 789 1688 gestamen
808 1644 968 1688 Othonis,

47 1689 184 1735 Actoris
201 1690 360 1723 Aurunci
377 1691 536 1734 spolium,
555 1702 623 1734 quo
640 1702 675 1724 se
692 1690 751 1724 ille
767 1690 910 1724 videbat
1112 1690 1179 1722 100

45 1734 242 1778 amatum,
259 1747 369 1781 quum
381 1738 457 1781 jam
474 1736 551 1770 tolli
569 1736 698 1770 vexilla
710 1736 859 1781 juberet.
