1284 1922
467 62 637 96 SATIRA
663 62 704 97 V.

53 133 123 166 Vix
139 137 301 174 fractum,
319 131 435 164 solidae
447 131 522 174 jam
539 131 678 164 mucida
694 131 807 164 frusta
823 130 959 172 farinoe,

54 179 139 219 Quae
157 178 348 221 genuinum
367 177 512 219 agitent,
529 187 598 209 non
616 177 841 210 admittentia
857 187 1009 210 morsum
1024 177 1031 211 ἔ

53 224 121 258 Sed
138 228 236 257 tener
252 227 287 256 et
305 223 426 255 niveus
442 221 609 264 mollique
627 222 765 265 siligine
781 223 896 255 factus

53 269 220 303 Servatur
236 268 383 301 domino.
431 267 600 300 Dextram
618 267 776 301 cohibere
793 271 976 302 memento.

54 315 158 348 Salva
174 314 219 347 sit
235 317 400 357 artoptae⁸
416 313 609 346 reverentia
623 325 630 346 :
654 313 748 356 finge
765 318 882 346 tamen
900 317 935 347 te

55 359 304 404 Improbulum,
321 362 475 402 superest
492 358 574 401 illic,
592 358 652 402 qui
669 370 795 402 ponere
813 363 923 402 cogat.

53 406 144 439 “Vis
161 410 202 439 tu
217 404 400 442 consuetis,
417 403 532 436 audax
550 403 704 446 conviva,
721 403 879 436 canistris

51 449 205 494 Impleri,
222 449 389 494 panisque
405 449 458 481 tui
475 448 608 481 novisse
625 448 772 482 colorem
786 447 821 481 ‘2³'

54 499 77 513 “
88 496 227 530 Scilicet
243 495 307 528 hoc
324 496 447 535 fuerat,
464 498 603 537 propter
620 494 713 537 quod
731 504 828 536 saepe,
844 491 966 525 relicta

55 539 220 582 Conjuge,
237 548 298 582 per
314 541 469 570 montem
486 537 670 570 adversum
688 537 889 580 gelidasque
907 534 1044 568 cucurri

55 584 238 628 Esquilias,
255 583 417 616 fremeret
435 594 526 615 saeva
543 593 651 626 quum
669 582 838 625 grandine
856 592 982 615 vernus

56 630 200 674 Jupiter
217 632 252 662 et
269 628 381 661 multo
399 628 548 661 stillaret
566 628 706 671 poenula
722 627 840 660 nimbo
857 624 888 662 !”

56 675 192 719 Aspice,
209 686 315 718 quam
331 674 435 716 longo
453 673 629 706 distendat
647 676 786 717 pectore
802 673 948 715 lancem,

58 721 142 762 Quae
159 721 270 753 fertur
287 719 437 762 domino,
456 718 591 762 squilla,
609 722 645 751 et
663 718 789 761 quibus
805 718 963 762 undique
980 721 1079 761 septa

57 766 255 811 Asparagis‚
273 776 343 808 qua
360 764 529 808 despiciat
547 764 706 797 convivia
723 763 844 806 cauda,

59 812 176 853 Quum
192 811 290 845 venit
306 809 435 844 excelsi
451 810 614 843 manibus
632 809 770 842 sublata
786 809 949 843 ministri.

59 857 126 891 Sed
143 855 208 890 tibi
225 856 370 889 dimidio
387 856 595 889 constrictus
613 866 808 888 cammarus
825 866 888 888 ovo

59 903 208 936 Ponitur
224 902 363 945 exigua,
379 901 497 934 feralis
515 912 622 943 coena,
640 901 779 944 patella.

61 948 139 992 Ipse
157 947 356 980 Venafrano
372 947 502 990 piscem
519 946 701 990 perfundit
718 957 724 978 :
751 949 787 978 at
804 945 871 988 hic,
891 945 952 989 qui

61 993 218 1027 Pallidus
235 992 379 1026 affertur
394 992 518 1025 misero
535 991 600 1024 tibi
618 991 737 1033 caulis,
755 991 861 1024 olebit

61 1039 249 1076 Later-nam
263 1050 270 1071 :
296 1037 385 1070 illud
402 1038 496 1070 enim
513 1037 636 1070 vestris
653 1036 758 1069 datur
775 1036 927 1080 alveolis,
945 1037 1037 1080 quod

63 1084 183 1117 Canna
200 1083 428 1127 Micipsarum
445 1093 547 1126 prora
564 1082 726 1115 subvexit
743 1086 848 1115 acuta
864 1095 871 1123 ;

63 1129 210 1173 Propter
227 1128 318 1172 quod
337 1128 453 1162 Romae
471 1139 550 1161 cum
568 1127 742 1161 Bocchare
759 1139 862 1160 nemo
880 1128 1029 1171 lavatur,

66 1175 166 1216 Quod
184 1179 277 1208 tutos
295 1174 401 1207 etiam
417 1173 504 1207 facit
520 1184 542 1206 a
559 1173 776 1217 serpentibus
794 1173 905 1207 Afros.

64 1220 198 1254 Mullus
215 1220 281 1253 erit
299 1219 439 1261 domini,
459 1230 562 1262 quem
579 1219 675 1251 misit
693 1218 840 1261 Corsica,
858 1219 913 1252 vel
926 1230 1030 1263 quem

65 1265 367 1299 Tauromenitanae
384 1276 498 1308 rupes,
515 1264 655 1308 quando
673 1275 774 1297 omne
790 1269 971 1308 peractum
989 1269 1041 1298 cst

66 1311 112 1344 Et
124 1312 200 1355 jam
217 1310 345 1343 defecit
361 1314 520 1343 nostrum
536 1321 640 1352 marc,
659 1309 743 1343 dum
761 1310 845 1353 gula
862 1310 971 1353 saevit,

68 1356 214 1390 Retibus
231 1355 378 1390 assiduis
395 1356 536 1399 penitus
554 1359 731 1388 scrutante
748 1355 894 1388 macello

68 1401 242 1444 Proxima,
259 1412 323 1434 nec
364 1402 518 1434 atimurb
537 1400 755 1444 Tyn-henum
773 1412 924 1434 crescere
941 1401 1080 1445 piscem.

70 1447 219 1481 Instruit
236 1458 316 1490 ergo
329 1413 446 1480 {Ecum
463 1446 660 1490 provincia:
687 1446 837 1479 sumitur
854 1446 953 1487 illinc

72 1492 172 1533 Quod
189 1496 346 1536 captator
363 1496 457 1525 emat
475 1492 605 1534 Laenas,
623 1491 766 1524 Aurelia
782 1492 922 1526 vendat.

71 1538 210 1571 Virroni
226 1549 383 1570 muraena
400 1537 513 1580 datur,
531 1548 607 1581 quae
624 1537 779 1570 maxima
795 1538 893 1571 venit

73 1583 218 1627 Gurgite
234 1583 277 1616 de
293 1583 409 1617 Siculo
423 1595 429 1616 :
454 1594 547 1623 nam,
565 1583 649 1615 dum
666 1594 701 1616 se
718 1583 873 1616 continet
890 1583 1029 1628 Auster,

72 1628 167 1662 Dum
184 1628 279 1662 sedet
296 1632 330 1662 et
348 1629 454 1662 siccat
470 1628 629 1662 madidas
647 1628 683 1661 in
700 1639 835 1662 carcere
852 1641 994 1673 pennas,

74 1674 310 1708 Contemnunt
325 1674 477 1708 mediam
494 1674 678 1708 temeraria
693 1673 767 1707 lina.
784 1674 1006 1718 Charybdim.

297 1733 308 1746 ⁸
327 1731 450 1764 artocopi
787 1735 799 1753 h
821 1732 926 1763 patitur

1125 65 1167 97 31

1129 220 1174 255 70

1135 672 1180 704 80

1141 1129 1187 1160 90

1125 1585 1191 1617 100
