1284 1922
106 69 150 100 50
430 63 472 96 D.
498 60 635 96 JUNII
660 59 928 94 JUVENALIS

107 138 280 180 Tractato,
298 135 483 169 Armenius
500 135 557 168 vel
574 136 824 179 Commagenus
841 135 1017 180 haruspex
1031 146 1038 169 :
1163 137 1232 169 550

50 188 53 190 ’
107 183 254 217 Pectora
270 182 445 227 pullorum
462 181 647 215 rimabitur
655 186 672 225 1,
690 186 773 215 exta
790 181 916 224 catelli,

49 243 56 245 ⁴
106 229 290 262 Interdum
307 232 342 262 et
360 228 478 272 pueri:
503 228 620 270 faciet,
638 228 731 270 quod
750 228 882 261 deferat
899 228 982 271 ipse.

153 275 324 308 Chaldaeis
342 274 401 307 sed
418 275 527 318 major
545 275 610 306 erit
626 273 776 307 fiducia:
803 273 974 317 quidquid

105 320 245 354 Dixerit
261 320 464 363 astrologus,
483 319 625 352 credent
642 331 663 353 a
679 320 775 352 fonte
792 319 943 352 relatum

105 367 338 407 Hammonis,
331 379 338 385 ·
364 366 528 410 quoniam
545 365 691 409 Delphis
709 365 849 398 oracula
866 368 1012 408 cessant,

104 412 150 446 Et
167 424 276 456 genus
294 412 487 445 humanum
505 412 650 444 damnat
667 411 779 454 caligo
796 411 917 444 futuri.

104 458 305 502 Praecipuus
322 461 441 491 tamen
458 462 510 490 est
527 457 660 499 horum,
679 457 740 501 qui
757 457 882 500 saepius
900 456 1008 509 exsul,

104 504 209 548 Cujus
227 504 383 537 amicitia
400 484 695 545 conducendaque
712 503 841 536 tabella

105 549 259 593 Magnus
277 549 361 583 civis
378 549 454 582 obit
472 553 507 582 et
523 549 649 582 formid
653 553 731 582 ¹itus
750 548 889 582 Othoni.

107 595 195 629 Inde
212 595 296 628 fides
315 606 353 628 ai
356 594 400 627 tis
408 602 442 638 ¹¹1,
461 595 576 628 sonuit
594 594 621 627 si
639 595 785 628 dextera
801 595 891 628 ferro
1161 596 1229 628 560

103 641 285 685 Laevaque,
303 641 332 674 si
348 641 451 684 longo
470 644 660 674 castrorum
677 641 714 673 in
732 652 867 674 carcere
883 640 1022 674 mansit.

102 686 213 720 Nemo
229 687 500 720 mathematicus
517 687 660 730 genium
678 686 901 719 indemnatus
918 685 1070 730 habebit,

103 732 170 766 Sed
189 733 248 776 qui
265 743 364 776 paene
381 732 482 776 perit,
501 732 557 765 cui
575 732 635 765 vix
653 732 689 764 in
709 732 860 776 Cyclada
876 730 982 765 mitti‘

103 779 258 822 Contigit
275 781 310 812 et
327 789 435 821 parva
452 778 595 812 tandem
613 778 762 811 caruisse
779 777 933 822 Seripho.

103 825 260 858 Consulit
278 824 426 857 ictericae
444 824 539 857 lento
557 824 599 857 de
616 825 738 857 funere
755 824 886 865 matris,

102 871 194 903 Ante
212 874 332 904 tamen
349 870 391 902 de
409 874 454 912 te,
473 870 643 913 Tanaquil
662 874 723 903 tua
740 881 746 903 :
772 869 910 913 quando
928 880 1077 903 sororem

102 916 233 950 Efferat
251 919 286 949 et
303 919 446 960 patruos
462 928 469 956 3
495 927 540 949 an
558 916 603 949 sit
620 915 776 949 victurus
795 915 932 949 adulter

102 962 185 995 Post
202 962 315 1006 ipsam
331 974 337 995 :
363 961 447 1006 quid
465 962 558 994 enim
574 963 687 1004 majus
705 962 787 994 dare
804 961 950 994 numina
967 964 1111 1005 possunt
1125 960 1138 995 ’ἒ

149 1008 237 1041 Haee
254 1011 372 1041 tamen
389 1008 536 1051 ignorat,
556 1007 639 1051 quid
658 1007 752 1040 sidus
770 1007 870 1040 triste
888 1007 1043 1041 minetur

102 1054 253 1096 Saturni,
272 1065 338 1097 quo
356 1053 437 1087 laeta
455 1054 572 1087 Venus
591 1065 626 1087 se
643 1053 796 1097 proferat
813 1056 915 1095 astro,
1159 1053 1226 1088 570

102 1100 170 1141 Qui
186 1100 313 1133 mensis
331 1099 476 1141 damnis,
495 1111 572 1143 quae
590 1100 716 1133 dentur
734 1103 890 1143 tempora
906 1099 1019 1133 lucro:

102 1145 202 1179 Illius
220 1156 378 1178 occursus
396 1145 502 1178 etiam
519 1145 630 1178 vitare
647 1149 830 1187 memento,

102 1191 145 1224 In
163 1193 262 1235 cujus
278 1189 449 1233 manibus,
468 1202 529 1224 eeu
548 1191 695 1234 pinguia
713 1191 861 1232 succina,
876 1191 978 1224 tritas

103 1237 220 1271 Cernis
238 1236 475 1280 ephemeridas
491 1249 499 1277 ;
525 1247 602 1279 quae
618 1236 755 1269 nullum
773 1236 922 1269 consulit
939 1240 974 1269 et
986 1238 1062 1280 jam

101 1282 301 1316 Consulitur
315 1295 323 1323 ;
349 1293 424 1325 quae
442 1286 555 1315 castra
572 1282 645 1315 viro
663 1282 881 1326 patriamque
898 1286 1039 1326 petente

101 1328 181 1362 Non
198 1328 264 1361 ibit
280 1328 420 1371 pariter,
438 1327 591 1361 numeris
608 1331 769 1361 revocata
786 1328 969 1372 Thrasylli.

102 1374 157 1407 Ad
176 1374 328 1418 primum
345 1373 497 1417 lapidem
515 1374 646 1406 vectari
663 1385 772 1417 quum
789 1373 914 1418 placet,
932 1374 1016 1407 hora

102 1420 259 1454 Sumitur
276 1431 319 1453 ex
337 1419 424 1453 libro
441 1432 448 1460 3
475 1420 502 1453 si
520 1420 633 1464 prurit
651 1419 774 1452 frictus
792 1419 891 1452 ocelli

101 1466 275 1509 Angulas,
293 1465 450 1510 inspecta
466 1465 585 1509 genesi
603 1465 746 1509 collyria
762 1465 882 1509 poscit.

100 1511 211 1555 AEgra
227 1512 309 1545 licet
321 1513 448 1555 jaceat,
467 1511 634 1555 capiendo
651 1511 749 1544 nulla
765 1511 905 1545 videtur
1155 1513 1223 1545 580

101 1557 227 1601 Aptior
243 1557 328 1591 hora
345 1555 430 1599 cibo,
447 1557 514 1590 nisi
533 1568 637 1600 quam
655 1557 789 1591 dederit
807 1556 978 1590 Petosiris.

148 1603 184 1637 Si
201 1602 381 1636 mediocris
399 1603 465 1636 erit
482 1615 489 1642 3
517 1603 670 1646 spatium
687 1602 849 1636 lustrabit
867 1603 1032 1647 utrinque

102 1648 288 1691 Metarum,
306 1652 340 1681 et
358 1652 464 1682 sortes
483 1648 596 1692 ducet,
613 1649 831 1693 frontemque
847 1660 1058 1693 manumque

101 1693 273 1729 Praebebit
292 1695 365 1731 vati
383 1693 541 1728 crebrum
558 1706 749 1740 poppysma
765 1694 912 1738 roganti.

312 1786 315 1789 Δ
329 1758 337 1777 1
349 1752 463 1776 rimatur
477 1754 503 1776 et
910 1755 928 1767 ”¹
949 1751 1000 1776 nrti
