1284 1922
75 52 122 83 44
398 50 441 83 D.
468 51 493 84 J
496 50 562 84 UN
565 50 581 83 1
585 50 602 83 1
628 51 653 84 J
656 51 895 85 UVENALIS

79 116 264 150 Noverunt
281 116 399 151 Mauri
416 121 522 160 atque
539 117 630 160 Indi,
649 129 726 162 quae
744 119 890 162 psaltria
906 130 1032 163 penem

81 161 261 206 Majorem,
279 174 385 206 quam
403 167 486 195 sunt
503 163 572 196 duo
591 163 733 197 Caesaris
751 164 988 209 Anticatones,

84 207 186 249 Illuc,
203 208 360 241 testiculi
378 208 442 241 sibi
460 209 618 242 conscius
635 210 729 243 unde
745 211 840 254 fugit
855 222 944 254 mus,

85 253 263 297 Intulerit,
280 253 342 286 ubi
359 253 468 287 velari
485 255 625 298 pictura
636 256 793 299 jubetur,
1143 258 1210 291 340

85 299 322 343 Quaecumque
338 300 482 333 alterius
501 312 603 334 sexus
620 301 760 335 imitata
776 302 927 345 figuram
944 302 1018 336 est?

82 344 130 378 Et
147 345 224 389 quis
241 349 327 379 tunc
343 346 526 379 hominum
543 350 738 381 contemtor
754 348 909 381 numinis
923 348 936 381 ’.ἱ
961 352 1024 383 aut
1041 349 1120 393 quis

82 389 306 434 Simpuvium
321 391 434 425 ridere
452 392 486 425 N
487 404 577 425 umae
594 393 806 437 nigrumque
824 394 982 427 catinum

82 436 129 470 Et
147 437 318 470 Vaticano
335 437 477 481 fragiles
495 438 538 471 de
554 444 673 471 monte
690 439 838 482 patellas

83 482 199 515 Ausus
217 486 292 516 erat
306 483 318 516 2
344 483 412 516 Sed
428 495 523 517 nunc
541 484 586 517 ad
605 495 691 527 quas
708 496 779 517 non
797 485 937 519 Clodius
953 497 1030 520 aras
1045 486 1057 520 'l

130 528 255 568 Audio,
273 529 359 572 quid
377 533 510 562 veteres
527 529 610 563 olim
626 530 798 563 moneatis
814 531 928 564 amici.

85 572 210 605 “Pone
226 584 348 614 seram,
366 573 520 606 cohibe.⁷’
571 573 640 606 Sed
657 576 735 617 quis
753 574 927 608 custodiet
943 573 1035 617 ipsos

85 616 251 651 Custodes
266 617 278 651 2
328 618 438 651 Cauta
456 623 508 652 est
525 623 561 652 et
578 619 621 653 ab
638 620 707 653 illis
724 620 850 665 incipit
867 633 965 656 uxor.

83 662 236 707 Jamque
253 663 374 697 eadem
392 665 534 698 summis
551 666 682 709 pariter
698 666 921 712 minimisque
938 668 1070 705 libido:

82 707 117 742 N
119 720 157 742 ec
174 709 305 753 melior,
324 710 456 744 silicem
472 711 618 754 pedibus
635 723 712 756 quae
730 714 879 747 conterit
896 718 1022 759 atrum,
1145 717 1214 749 350

85 754 198 796 Quam
215 766 292 799 quae
308 755 490 799 longorum
507 757 648 791 vehitur
665 759 798 792 cervice
815 759 990 803 Syrorum.

132 801 182 834 Ut
199 805 331 845 spectet
348 802 458 845 ludos,
476 803 641 837 conducit
659 804 810 847 Ogulnia
827 810 969 850 vestem,

86 845 258 880 Conducit
275 848 426 891 comites,
446 848 577 883 sellam.
596 850 753 891 cervical,
772 851 911 894 amicas,

85 891 268 925 Nutricem
284 897 320 926 et
335 893 473 936 flavam,
492 895 549 927 cui
567 895 626 927 det
642 896 820 939 mandata,
838 897 1002 940 puellam.

86 937 172 970 Haec
190 942 310 971 tamen
327 939 465 982 argenti
483 945 638 984 superest
656 942 886 986 quodcunque
903 943 1042 987 paterni

87 983 237 1017 Levibus
255 984 398 1018 athletis
415 996 456 1018 ae
473 997 556 1019 vasa
573 987 760 1020 novissima
777 987 894 1022 donat.

87 1028 211 1063 Multis
227 1041 281 1063 res
299 1035 449 1074 angusta
466 1031 559 1065 domi
577 1036 648 1065 est:
675 1033 734 1066 sed
751 1033 849 1067 nulla
867 1035 1034 1078 pudorem

86 1074 309 1119 Paupertatis
327 1076 441 1118 habet,
459 1089 523 1111 nec
541 1090 575 1111 se
592 1079 737 1112 metitur
754 1079 799 1114 ad
815 1080 928 1123 illum,

87 1120 197 1161 Quem
215 1121 312 1154 dedit
329 1122 402 1155 haec
419 1124 603 1166 posuitque
620 1125 772 1159 modum.
806 1126 937 1159 Tamen
955 1127 1040 1160 utile
1058 1128 1142 1172 quid
1160 1129 1215 1172 sit,

86 1165 308 1210 Prospiciunt
325 1168 514 1212 aliquando
532 1169 607 1211 viri,
625 1170 805 1214 frigusque
821 1171 1019 1216 famemque
1146 1177 1215 1208 360

86 1212 245 1246 Formica
262 1213 405 1246 tandem
423 1215 566 1258 quidam
583 1226 755 1259 expavere
771 1218 949 1260 magistra.

85 1257 237 1301 Prodiga
254 1270 324 1291 non
342 1260 450 1293 sentit
466 1266 671 1304 pereuntem
687 1262 819 1296 femina
837 1274 988 1308 censum,

84 1304 143 1344 At,
160 1304 259 1338 velut
276 1304 448 1339 exhausta
465 1306 668 1340 redivivush
685 1308 837 1351 pullulet
854 1320 935 1343 arca

85 1349 268 1389 Nummus
286 1354 321 1383 et
339 1361 357 1384 e
375 1351 477 1394 plcno
495 1352 640 1385 tollatur
658 1365 792 1397 semper
809 1366 939 1398 acervo,

84 1394 119 1428 N
120 1407 164 1428 on
182 1407 337 1440 unquam
354 1401 530 1440 reputant,
550 1399 674 1441 quanti
692 1399 757 1432 sibi
773 1401 903 1443 gaudia
921 1405 1089 1436 constent.

133 1441 223 1475 Sunt
242 1453 327 1484 quas
345 1443 498 1476 eunuchi
514 1443 671 1477 imbelles
688 1456 728 1478 ac
745 1446 864 1480 mollia
881 1458 1016 1491 semper

85 1486 212 1520 Oscula
229 1487 406 1521 delectent
424 1493 458 1522 ct
477 1489 672 1533 desperat-io
690 1491 815 1534 barbae,

87 1531 135 1565 Et
152 1533 243 1577 quod
260 1533 417 1567 abortivo
430 1546 499 1567 non
518 1539 571 1568 est
588 1547 682 1579 opus.
733 1537 800 1570 Illa
816 1538 977 1583 voluptas

83 1577 227 1612 Summa
244 1582 373 1621 tamen,
391 1580 482 1623 quod
495 1582 570 1623 jam
588 1582 702 1616 calida
719 1588 858 1617 matura
870 1586 1020 1627 juventa

87 1623 240 1667 Inguina
257 1625 447 1659 traduntur
464 1627 616 1663 medicis.
629 1630 705 1671 jam
722 1629 860 1672 pectine
877 1631 985 1674 nigro.
1145 1633 1214 1666 370

83 1668 177 1713 Ergo
194 1674 367 1715 spectatos
385 1682 425 1705 ac
437 1673 552 1715 jussos
571 1684 721 1707 crescere
738 1675 890 1718 primum

452 1723 464 1740 ¹¹
485 1727 525 1751 Ac
539 1728 615 1753 velut
632 1747 637 1752 .
653 1747 659 1753 .
676 1747 682 1753 .
698 1729 832 1754 recidivus
