1284 1922
87 91 153 123 118
291 89 334 124 D.
359 88 493 123 JUNII
526 87 805 123 JUVENALIS.

86 156 210 190 Nescio
228 156 315 200 quis,
332 166 468 208 pugnos
486 154 547 199 qui
563 154 663 197 vidit,
681 154 804 197 dicere,
817 153 924 187 Vidi?
1165 145 1218 187 30*

87 202 133 235 Et
150 202 289 235 credam
306 202 452 245 dignum
468 200 585 243 barba,
599 200 813 244 dignumque
831 199 966 244 capillis

87 247 271 292 Majorum.
313 247 424 281 Citius
441 247 571 280 falsum
587 246 775 290 producere
792 249 918 279 testem

88 294 216 327 Contra
233 304 410 337 paganum
427 292 546 337 possis,
560 304 665 336 quam
682 303 763 325 vera
779 291 981 335 loquentem

88 339 216 373 Contra
232 340 411 373 fortunam
428 338 556 372 armati
574 342 763 381 contraque
780 337 958 381 pudorem.

134 385 284 419 Praemia
300 396 394 418 nunc
412 384 482 418 alia
498 388 604 427 atque
621 383 691 417 alia
708 383 942 416 emolumenta
958 385 1119 416 notemus

88 430 400 465 Sacramentorum.
431 430 630 464 Convallem
646 429 736 462 ruris
754 429 841 462 aviti

89 476 270 521 Improbus
287 480 349 510 aut
367 487 529 519 campum
545 475 632 508 mihi
650 475 678 508 si
695 474 831 508 vicinus
848 473 980 508 ademit

89 522 136 556 Et
153 534 289 556 sacrum
306 522 426 555 effodit
442 521 555 554 medio
573 521 615 554 de
632 520 744 554 limite
761 531 895 562 saxum,

89 568 189 609 Quod
205 580 283 602 mea
300 579 379 601 cum
396 567 516 611 patulo
534 566 642 600 coluit
659 566 737 611 puls
754 577 873 599 annua
889 565 979 606 libo3

88 614 234 647 Debitor
251 618 313 647 aut
331 617 462 647 sumtos
479 612 594 657 pergit
611 624 681 645 non
697 612 840 645 reddere
856 622 1026 654 nummos,
1166 613 1211 644 40

90 659 191 693 Vana
208 659 413 704 supervacui
431 659 548 692 dicens
566 658 796 702 chirographa
812 658 918 701 ligni:

88 704 355 750 Exspectandus
372 705 448 747 erit,
467 704 526 749 qui
543 704 622 737 lites
640 703 789 746 inchoet,
807 715 920 737 annus

89 751 209 785 Totius
222 751 360 795 populi:
386 750 445 784 sed
463 754 548 783 tunc
565 761 700 794 quoque
717 749 814 783 mille
831 749 975 783 ferenda

90 797 215 839 Taedia,
233 797 329 830 mille
346 808 470 837 morae3
488 796 591 829 toties
609 795 773 829 subsera
790 799 931 829 tantum

89 843 319 883 Sternuntur3
346 847 422 876 tum
438 841 610 875 facundoc
627 845 777 885 ponente
794 841 950 875 lacernas

91 889 249 931 Caedicio,
268 893 303 922 et
321 888 430 921 Fusco
442 889 518 931 jam
534 887 767 929 micturiente,
785 887 900 931 parati

89 935 332 978 Digredimur:
362 934 526 977 lentaque
543 933 609 966 fori
626 943 824 977 pugnamus
842 944 956 966 arena.

90 981 156 1014 Ast
173 980 252 1023 illis,
271 991 354 1024 quos
371 991 468 1013 arma
484 982 611 1022 tegunt
628 982 663 1012 et
680 978 817 1012 balteus
834 979 954 1021 ambit,

92 1026 190 1067 Quod
208 1026 377 1070 placitum
395 1030 446 1059 est
463 1025 556 1070 ipsis,
574 1027 758 1068 praestatur
775 1028 913 1069 tempus
931 1024 1067 1068 agendi,

90 1072 123 1105 N
125 1084 163 1105 ec
179 1084 232 1105 res
249 1072 415 1105 atteritur
431 1071 534 1115 longo
552 1070 745 1103 sufflamine
762 1070 843 1103 litis.
1168 1072 1213 1104 50

138 1118 225 1151 Solis
243 1122 411 1162 praeterea
427 1116 582 1150 testandi
598 1116 770 1149 militibus
783 1117 842 1160 jus

91 1163 180 1196 Vivo
197 1167 295 1207 patre
313 1164 434 1196 datur:
459 1174 551 1205 nam,
570 1173 646 1205 quae
665 1165 747 1195 sunt
764 1166 865 1205 parta
881 1161 997 1195 labore

90 1209 239 1251 Militiae‚
257 1209 390 1253 placuit
407 1219 477 1241 non
495 1219 566 1241 esse
583 1208 620 1240 in
638 1219 778 1251 corpore
795 1219 927 1250 census,

92 1255 202 1288 Omne
219 1258 316 1288 tenet
334 1255 432 1297 cujus
449 1254 604 1297 regimen
621 1257 730 1297 pater.
770 1253 862 1296 Ergo
880 1253 1051 1286 Coranum

91 1300 276 1343 Signorum
294 1300 464 1341 comitem,
483 1303 741 1342 castrorumque
760 1309 828 1331 aera
845 1303 1045 1341 merentem,

92 1346 258 1387 Quamvis
270 1347 346 1389 jam
364 1344 542 1387 tremulus,
560 1348 680 1388 captat
698 1347 806 1388 pater.
840 1344 946 1378 Hunc
963 1344 1060 1378 labor
1077 1356 1197 1389 aequus

93 1391 266 1434 Provehit,
285 1395 320 1424 et
337 1391 456 1435 pulcro
473 1390 588 1424 reddit
606 1401 668 1423 sua
685 1390 776 1422 dona
793 1389 911 1424 labori.

92 1435 205 1481 Ipsius
223 1441 314 1470 certe
332 1437 430 1470 ducis
447 1436 511 1469 hoc
527 1436 653 1469 referre
670 1435 819 1478 videtur,

91 1483 150 1525 Ut,
168 1483 228 1527 qui
245 1483 345 1516 fortis
363 1483 438 1524 erit,
458 1482 503 1515 sit
521 1481 742 1515 felicissimus
759 1481 861 1523 idem,

92 1529 141 1562 Ut
158 1529 232 1563 laeti
248 1528 400 1573 phaleris
418 1539 535 1563 omnes
553 1532 587 1560 et
605 1527 784 1571 torquibus
801 1538 928 1561 omneS.
1167 1530 1212 1562 60

469 1608 478 1620 '²
495 1604 556 1638 jam
570 1603 689 1629 facundo
703 1606 833 1636 poscente
