<?xml version="1.0" encoding="UTF-8"?>
<!DOCTYPE html PUBLIC "-//W3C//DTD XHTML 1.0 Transitional//EN"
    "http://www.w3.org/TR/xhtml1/DTD/xhtml1-transitional.dtd">
<html xmlns="http://www.w3.org/1999/xhtml" xml:lang="en" lang="en">
 <head>
  <title>
</title>
<meta http-equiv="Content-Type" content="text/html;charset=utf-8" />
  <meta name='ocr-system' content='tesseract 3.04.00' />
  <meta name='ocr-capabilities' content='ocr_page ocr_carea ocr_par ocr_line ocrx_word'/>
</head>
<body>
  <div class='ocr_page' id='page_1' title='image "./juvenalisetpersi00juveuoft_0121.png"; bbox 0 0 1284 1922; ppageno 0'>
   <div class='ocr_carea' id='block_1_1' title="bbox 472 73 748 110">
    <p class='ocr_par' dir='ltr' id='par_1_1' title="bbox 472 73 748 110">
     <span class='ocr_line' id='line_1_1' title="bbox 472 73 748 110; baseline 0.007 -2"><span class='ocrx_word' id='word_1_1' title='bbox 472 73 645 108; x_wconf 81' lang='lat' dir='ltr'><strong>SATIRA</strong></span> <span class='ocrx_word' id='word_1_2' title='bbox 670 75 748 110; x_wconf 87' lang='lat' dir='ltr'><strong>XV.</strong></span> 
     </span>
    </p>
   </div>
   <div class='ocr_carea' id='block_1_2' title="bbox 51 140 969 277">
    <p class='ocr_par' dir='ltr' id='par_1_2' title="bbox 51 140 969 277">
     <span class='ocr_line' id='line_1_2' title="bbox 51 140 923 187; baseline 0.002 -11"><span class='ocrx_word' id='word_1_3' title='bbox 51 140 138 176; x_wconf 84' lang='lat' dir='ltr'><strong>Dira</strong></span> <span class='ocrx_word' id='word_1_4' title='bbox 155 140 248 185; x_wconf 87' lang='lat' dir='ltr'><strong>quod</strong></span> <span class='ocrx_word' id='word_1_5' title='bbox 266 141 467 186; x_wconf 86' lang='lat' dir='ltr'><strong>exemplum</strong></span> <span class='ocrx_word' id='word_1_6' title='bbox 482 142 603 176; x_wconf 87' lang='lat' dir='ltr'><strong>feritas</strong></span> <span class='ocrx_word' id='word_1_7' title='bbox 620 143 825 187; x_wconf 86' lang='lat' dir='ltr'><strong>produxerit</strong></span> <span class='ocrx_word' id='word_1_8' title='bbox 842 154 923 178; x_wconf 85' lang='lat' dir='ltr'><strong>aevo.</strong></span> 
     </span>
     <span class='ocr_line' id='line_1_3' title="bbox 99 186 969 233; baseline 0.003 -13"><span class='ocrx_word' id='word_1_9' title='bbox 99 186 198 220; x_wconf 87' lang='lat' dir='ltr'><strong>Inter</strong></span> <span class='ocrx_word' id='word_1_10' title='bbox 213 187 380 221; x_wconf 87' lang='lat' dir='ltr'><strong>finitimos</strong></span> <span class='ocrx_word' id='word_1_11' title='bbox 397 192 497 221; x_wconf 84' lang='lat' dir='ltr'><strong>vetus</strong></span> <span class='ocrx_word' id='word_1_12' title='bbox 515 192 620 232; x_wconf 86' lang='lat' dir='ltr'><strong>atque</strong></span> <span class='ocrx_word' id='word_1_13' title='bbox 637 190 783 233; x_wconf 82' lang='lat' dir='ltr'><strong>antiqua</strong></span> <span class='ocrx_word' id='word_1_14' title='bbox 801 190 969 233; x_wconf 80' lang='lat' dir='ltr'><strong>simultaS,</strong></span> 
     </span>
     <span class='ocr_line' id='line_1_4' title="bbox 53 232 962 277; baseline 0.003 -12"><span class='ocrx_word' id='word_1_15' title='bbox 53 232 255 266; x_wconf 83' lang='lat' dir='ltr'><strong>Immortale</strong></span> <span class='ocrx_word' id='word_1_16' title='bbox 272 233 392 266; x_wconf 88' lang='lat' dir='ltr'><strong>odium</strong></span> <span class='ocrx_word' id='word_1_17' title='bbox 409 239 444 266; x_wconf 87' lang='lat' dir='ltr'><strong>et</strong></span> <span class='ocrx_word' id='word_1_18' title='bbox 460 245 641 277; x_wconf 77' lang='lat' dir='ltr'><strong>nunquam</strong></span> <span class='ocrx_word' id='word_1_19' title='bbox 660 236 815 268; x_wconf 81' lang='lat' dir='ltr'><strong>sanabile</strong></span> <span class='ocrx_word' id='word_1_20' title='bbox 833 236 962 268; x_wconf 84' lang='lat' dir='ltr'><strong>vulnus</strong></span> 
     </span>
    </p>
   </div>
   <div class='ocr_carea' id='block_1_3' title="bbox 51 278 1096 326">
    <p class='ocr_par' dir='ltr' id='par_1_3' title="bbox 51 278 1096 326">
     <span class='ocr_line' id='line_1_5' title="bbox 51 278 1096 326; baseline 0.003 -15"><span class='ocrx_word' id='word_1_21' title='bbox 51 278 163 311; x_wconf 89' lang='lat' dir='ltr'><strong>Ardet</strong></span> <span class='ocrx_word' id='word_1_22' title='bbox 179 279 304 322; x_wconf 81' lang='lat' dir='ltr'><strong>adhuc,</strong></span> <span class='ocrx_word' id='word_1_23' title='bbox 323 279 467 312; x_wconf 77' lang='lat' dir='ltr'><strong>Ombosz</strong></span> <span class='ocrx_word' id='word_1_24' title='bbox 485 286 520 313; x_wconf 89' lang='lat' dir='ltr'><strong>et</strong></span> <span class='ocrx_word' id='word_1_25' title='bbox 537 281 698 324; x_wconf 80' lang='lat' dir='ltr'><strong>Tentyra.</strong></span> <span class='ocrx_word' id='word_1_26' title='bbox 747 281 912 315; x_wconf 78' lang='lat' dir='ltr'><strong>Summus</strong></span> <span class='ocrx_word' id='word_1_27' title='bbox 929 282 1096 326; x_wconf 82' lang='lat' dir='ltr'><strong>utrinque</strong></span> 
     </span>
    </p>
   </div>
   <div class='ocr_carea' id='block_1_4' title="bbox 50 323 1056 1742">
    <p class='ocr_par' dir='ltr' id='par_1_4' title="bbox 52 323 870 369">
     <span class='ocr_line' id='line_1_6' title="bbox 52 323 870 369; baseline 0.004 -12"><span class='ocrx_word' id='word_1_28' title='bbox 52 323 142 357; x_wconf 87' lang='lat' dir='ltr'><strong>Inde</strong></span> <span class='ocrx_word' id='word_1_29' title='bbox 157 326 255 357; x_wconf 84' lang='lat' dir='ltr'><strong>furor</strong></span> <span class='ocrx_word' id='word_1_30' title='bbox 271 325 387 368; x_wconf 81' lang='lat' dir='ltr'><strong>vulgo,</strong></span> <span class='ocrx_word' id='word_1_31' title='bbox 405 325 496 369; x_wconf 88' lang='lat' dir='ltr'><strong>quod</strong></span> <span class='ocrx_word' id='word_1_32' title='bbox 513 327 659 360; x_wconf 81' lang='lat' dir='ltr'><strong>numina</strong></span> <span class='ocrx_word' id='word_1_33' title='bbox 676 327 870 360; x_wconf 82' lang='lat' dir='ltr'><strong>vicinorum</strong></span> 
     </span>
    </p>

    <p class='ocr_par' dir='ltr' id='par_1_5' title="bbox 51 370 986 506">
     <span class='ocr_line' id='line_1_7' title="bbox 53 370 986 415; baseline 0.003 -12"><span class='ocrx_word' id='word_1_34' title='bbox 53 370 138 403; x_wconf 88' lang='lat' dir='ltr'><strong>Odit</strong></span> <span class='ocrx_word' id='word_1_35' title='bbox 154 375 302 415; x_wconf 83' lang='lat' dir='ltr'><strong>uterque</strong></span> <span class='ocrx_word' id='word_1_36' title='bbox 317 371 424 413; x_wconf 89' lang='lat' dir='ltr'><strong>locus,</strong></span> <span class='ocrx_word' id='word_1_37' title='bbox 443 383 552 415; x_wconf 86' lang='lat' dir='ltr'><strong>quum</strong></span> <span class='ocrx_word' id='word_1_38' title='bbox 569 372 656 405; x_wconf 88' lang='lat' dir='ltr'><strong>solos</strong></span> <span class='ocrx_word' id='word_1_39' title='bbox 673 373 792 405; x_wconf 76' lang='lat' dir='ltr'><strong>credat</strong></span> <span class='ocrx_word' id='word_1_40' title='bbox 810 373 986 406; x_wconf 78' lang='lat' dir='ltr'><strong>habendos</strong></span> 
     </span>
     <span class='ocr_line' id='line_1_8' title="bbox 52 415 946 462; baseline 0.003 -13"><span class='ocrx_word' id='word_1_41' title='bbox 52 415 136 450; x_wconf 90' lang='lat' dir='ltr'><strong>Esse</strong></span> <span class='ocrx_word' id='word_1_42' title='bbox 153 416 252 459; x_wconf 84' lang='lat' dir='ltr'>Deos,</span> <span class='ocrx_word' id='word_1_43' title='bbox 271 428 355 460; x_wconf 88' lang='lat' dir='ltr'><strong>quos</strong></span> <span class='ocrx_word' id='word_1_44' title='bbox 372 417 444 460; x_wconf 88' lang='lat' dir='ltr'><strong>ipse</strong></span> <span class='ocrx_word' id='word_1_45' title='bbox 461 417 554 451; x_wconf 83' lang='lat' dir='ltr'><strong>colit.</strong></span> <span class='ocrx_word' id='word_1_46' title='bbox 603 418 670 451; x_wconf 82' lang='lat' dir='ltr'><strong>Sed</strong></span> <span class='ocrx_word' id='word_1_47' title='bbox 687 423 841 462; x_wconf 82' lang='lat' dir='ltr'><strong>tompore</strong></span> <span class='ocrx_word' id='word_1_48' title='bbox 859 419 946 452; x_wconf 80' lang='lat' dir='ltr'><strong>festo</strong></span> 
     </span>
     <span class='ocr_line' id='line_1_9' title="bbox 51 461 836 506; baseline 0.003 -11"><span class='ocrx_word' id='word_1_49' title='bbox 51 461 208 495; x_wconf 86' lang='lat' dir='ltr'><strong>Alterius</strong></span> <span class='ocrx_word' id='word_1_50' title='bbox 226 462 347 506; x_wconf 89' lang='lat' dir='ltr'><strong>populi</strong></span> <span class='ocrx_word' id='word_1_51' title='bbox 364 463 532 506; x_wconf 83' lang='lat' dir='ltr'><strong>rapienda</strong></span> <span class='ocrx_word' id='word_1_52' title='bbox 550 464 682 497; x_wconf 84' lang='lat' dir='ltr'>occasio</span> <span class='ocrx_word' id='word_1_53' title='bbox 699 465 836 497; x_wconf 84' lang='lat' dir='ltr'><strong>cunetis</strong></span> 
     </span>
    </p>

    <p class='ocr_par' dir='ltr' id='par_1_6' title="bbox 50 507 1022 828">
     <span class='ocr_line' id='line_1_10' title="bbox 53 507 893 553; baseline 0.002 -12"><span class='ocrx_word' id='word_1_54' title='bbox 53 507 137 541; x_wconf 84' lang='lat' dir='ltr'><strong>Visa</strong></span> <span class='ocrx_word' id='word_1_55' title='bbox 153 508 375 541; x_wconf 87' lang='lat' dir='ltr'><strong>inimicorum</strong></span> <span class='ocrx_word' id='word_1_56' title='bbox 392 509 599 552; x_wconf 88' lang='lat' dir='ltr'><strong>primoribus</strong></span> <span class='ocrx_word' id='word_1_57' title='bbox 616 521 656 543; x_wconf 87' lang='lat' dir='ltr'><strong>ac</strong></span> <span class='ocrx_word' id='word_1_58' title='bbox 675 510 831 553; x_wconf 86' lang='lat' dir='ltr'><strong>ducibus,</strong></span> <span class='ocrx_word' id='word_1_59' title='bbox 849 521 893 543; x_wconf 93' lang='lat' dir='ltr'><strong>ne</strong></span> 
     </span>
     <span class='ocr_line' id='line_1_11' title="bbox 51 553 1022 599; baseline 0.003 -13"><span class='ocrx_word' id='word_1_60' title='bbox 51 553 188 587; x_wconf 82' lang='lat' dir='ltr'><strong>Laetum</strong></span> <span class='ocrx_word' id='word_1_61' title='bbox 205 554 419 598; x_wconf 75' lang='lat' dir='ltr'>hilaremque</span> <span class='ocrx_word' id='word_1_62' title='bbox 437 555 538 597; x_wconf 85' lang='lat' dir='ltr'><strong>diem,</strong></span> <span class='ocrx_word' id='word_1_63' title='bbox 556 567 600 588; x_wconf 88' lang='lat' dir='ltr'><strong>ne</strong></span> <span class='ocrx_word' id='word_1_64' title='bbox 617 567 753 599; x_wconf 60' lang='lat' dir='ltr'><strong>magu-„e</strong></span> <span class='ocrx_word' id='word_1_65' title='bbox 771 556 901 599; x_wconf 74' lang='lat' dir='ltr'><strong>gaudia</strong></span> <span class='ocrx_word' id='word_1_66' title='bbox 918 567 1022 590; x_wconf 81' lang='lat' dir='ltr'><strong>eocnae</strong></span> 
     </span>
     <span class='ocr_line' id='line_1_12' title="bbox 51 599 947 645; baseline 0.002 -13"><span class='ocrx_word' id='word_1_67' title='bbox 51 599 239 643; x_wconf 84' lang='lat' dir='ltr'><strong>Sentirent,</strong></span> <span class='ocrx_word' id='word_1_68' title='bbox 256 600 378 644; x_wconf 84' lang='lat' dir='ltr'><strong>positis</strong></span> <span class='ocrx_word' id='word_1_69' title='bbox 394 600 439 633; x_wconf 87' lang='lat' dir='ltr'><strong>ad</strong></span> <span class='ocrx_word' id='word_1_70' title='bbox 456 601 587 645; x_wconf 85' lang='lat' dir='ltr'><strong>templa</strong></span> <span class='ocrx_word' id='word_1_71' title='bbox 605 606 639 634; x_wconf 90' lang='lat' dir='ltr'><strong>et</strong></span> <span class='ocrx_word' id='word_1_72' title='bbox 652 603 804 645; x_wconf 83' lang='lat' dir='ltr'><strong>compita</strong></span> <span class='ocrx_word' id='word_1_73' title='bbox 820 602 947 635; x_wconf 81' lang='lat' dir='ltr'>mensis</span> 
     </span>
     <span class='ocr_line' id='line_1_13' title="bbox 52 645 966 691; baseline 0.003 -13"><span class='ocrx_word' id='word_1_74' title='bbox 52 645 288 689; x_wconf 79' lang='lat' dir='ltr'><strong>Pervigilique</strong></span> <span class='ocrx_word' id='word_1_75' title='bbox 306 650 389 689; x_wconf 87' lang='lat' dir='ltr'><strong>toro,</strong></span> <span class='ocrx_word' id='word_1_76' title='bbox 407 658 510 690; x_wconf 88' lang='lat' dir='ltr'><strong>quem</strong></span> <span class='ocrx_word' id='word_1_77' title='bbox 527 651 628 680; x_wconf 86' lang='lat' dir='ltr'><strong>nocte</strong></span> <span class='ocrx_word' id='word_1_78' title='bbox 641 659 681 681; x_wconf 86' lang='lat' dir='ltr'><strong>ac</strong></span> <span class='ocrx_word' id='word_1_79' title='bbox 698 648 776 681; x_wconf 87' lang='lat' dir='ltr'><strong>luce</strong></span> <span class='ocrx_word' id='word_1_80' title='bbox 789 649 966 691; x_wconf 76' lang='lat' dir='ltr'><strong>jacentem</strong></span> 
     </span>
     <span class='ocr_line' id='line_1_14' title="bbox 52 691 942 735; baseline 0.001 -10"><span class='ocrx_word' id='word_1_81' title='bbox 52 691 228 735; x_wconf 83' lang='lat' dir='ltr'><strong>Septimus</strong></span> <span class='ocrx_word' id='word_1_82' title='bbox 244 692 423 724; x_wconf 87' lang='lat' dir='ltr'><strong>interdum</strong></span> <span class='ocrx_word' id='word_1_83' title='bbox 441 692 489 725; x_wconf 88' lang='lat' dir='ltr'><strong>sol</strong></span> <span class='ocrx_word' id='word_1_84' title='bbox 507 693 651 726; x_wconf 78' lang='lat' dir='ltr'><strong>invenit.</strong></span> <span class='ocrx_word' id='word_1_85' title='bbox 692 694 844 726; x_wconf 87' lang='lat' dir='ltr'>Horrida</span> <span class='ocrx_word' id='word_1_86' title='bbox 861 705 942 727; x_wconf 86' lang='lat' dir='ltr'><strong>sane</strong></span> 
     </span>
     <span class='ocr_line' id='line_1_15' title="bbox 50 737 926 783; baseline 0.002 -13"><span class='ocrx_word' id='word_1_87' title='bbox 50 737 248 781; x_wconf 85' lang='lat' dir='ltr'><strong>AEgyptus:</strong></span> <span class='ocrx_word' id='word_1_88' title='bbox 274 738 333 770; x_wconf 86' lang='lat' dir='ltr'><strong>sed</strong></span> <span class='ocrx_word' id='word_1_89' title='bbox 350 737 498 780; x_wconf 70' lang='lat' dir='ltr'><strong>luxuria,</strong></span> <span class='ocrx_word' id='word_1_90' title='bbox 518 742 689 781; x_wconf 86' lang='lat' dir='ltr'><strong>quantum</strong></span> <span class='ocrx_word' id='word_1_91' title='bbox 706 739 779 783; x_wconf 89' lang='lat' dir='ltr'><strong>ipse</strong></span> <span class='ocrx_word' id='word_1_92' title='bbox 796 739 926 782; x_wconf 88' lang='lat' dir='ltr'><strong>notavi,</strong></span> 
     </span>
     <span class='ocr_line' id='line_1_16' title="bbox 51 782 833 828; baseline 0.001 -11"><span class='ocrx_word' id='word_1_93' title='bbox 51 782 206 817; x_wconf 81' lang='lat' dir='ltr'>Barbara</span> <span class='ocrx_word' id='word_1_94' title='bbox 222 783 352 817; x_wconf 87' lang='lat' dir='ltr'><strong>famoso</strong></span> <span class='ocrx_word' id='word_1_95' title='bbox 369 794 439 817; x_wconf 88' lang='lat' dir='ltr'><strong>non</strong></span> <span class='ocrx_word' id='word_1_96' title='bbox 456 784 548 817; x_wconf 87' lang='lat' dir='ltr'><strong>cedit</strong></span> <span class='ocrx_word' id='word_1_97' title='bbox 564 783 668 818; x_wconf 85' lang='lat' dir='ltr'><strong>turba</strong></span> <span class='ocrx_word' id='word_1_98' title='bbox 685 785 833 828; x_wconf 85' lang='lat' dir='ltr'>Canopo.</span> 
     </span>
    </p>

    <p class='ocr_par' dir='ltr' id='par_1_7' title="bbox 52 828 966 965">
     <span class='ocr_line' id='line_1_17' title="bbox 52 828 896 873; baseline 0.002 -12"><span class='ocrx_word' id='word_1_99' title='bbox 52 828 164 871; x_wconf 83' lang='lat' dir='ltr'>Adde,</span> <span class='ocrx_word' id='word_1_100' title='bbox 181 829 273 873; x_wconf 84' lang='lat' dir='ltr'><strong>quod</strong></span> <span class='ocrx_word' id='word_1_101' title='bbox 290 833 325 862; x_wconf 86' lang='lat' dir='ltr'><strong>et</strong></span> <span class='ocrx_word' id='word_1_102' title='bbox 342 829 454 863; x_wconf 86' lang='lat' dir='ltr'><strong>facilis</strong></span> <span class='ocrx_word' id='word_1_103' title='bbox 471 830 618 864; x_wconf 83' lang='lat' dir='ltr'><strong>victoria</strong></span> <span class='ocrx_word' id='word_1_104' title='bbox 635 831 677 864; x_wconf 92' lang='lat' dir='ltr'><strong>de</strong></span> <span class='ocrx_word' id='word_1_105' title='bbox 693 830 843 863; x_wconf 81' lang='lat' dir='ltr'><strong>madidis</strong></span> <span class='ocrx_word' id='word_1_106' title='bbox 860 833 896 864; x_wconf 87' lang='lat' dir='ltr'><strong>et</strong></span> 
     </span>
     <span class='ocr_line' id='line_1_18' title="bbox 52 874 966 919; baseline 0.002 -11"><span class='ocrx_word' id='word_1_107' title='bbox 52 874 174 908; x_wconf 88' lang='lat' dir='ltr'><strong>Blaesis</strong></span> <span class='ocrx_word' id='word_1_108' title='bbox 191 879 296 919; x_wconf 86' lang='lat' dir='ltr'><strong>atque</strong></span> <span class='ocrx_word' id='word_1_109' title='bbox 311 886 406 908; x_wconf 85' lang='lat' dir='ltr'><strong>mero</strong></span> <span class='ocrx_word' id='word_1_110' title='bbox 423 875 667 910; x_wconf 77' lang='lat' dir='ltr'><strong>titubantibus.</strong></span> <span class='ocrx_word' id='word_1_111' title='bbox 709 876 796 910; x_wconf 89' lang='lat' dir='ltr'><strong>Inde</strong></span> <span class='ocrx_word' id='word_1_112' title='bbox 813 876 966 910; x_wconf 69' lang='lat' dir='ltr'><strong>virorum</strong></span> 
     </span>
     <span class='ocr_line' id='line_1_19' title="bbox 53 920 770 965; baseline 0.001 -11"><span class='ocrx_word' id='word_1_113' title='bbox 53 920 210 954; x_wconf 82' lang='lat' dir='ltr'><strong>Saltatus</strong></span> <span class='ocrx_word' id='word_1_114' title='bbox 227 921 327 964; x_wconf 84' lang='lat' dir='ltr'><strong>nigro</strong></span> <span class='ocrx_word' id='word_1_115' title='bbox 345 921 498 963; x_wconf 83' lang='lat' dir='ltr'><strong>tibicine,</strong></span> <span class='ocrx_word' id='word_1_116' title='bbox 517 921 770 965; x_wconf 78' lang='lat' dir='ltr'><strong>qualiacunque</strong></span> 
     </span>
    </p>

    <p class='ocr_par' dir='ltr' id='par_1_8' title="bbox 53 966 1029 1332">
     <span class='ocr_line' id='line_1_20' title="bbox 53 966 970 1010; baseline 0.003 -11"><span class='ocrx_word' id='word_1_117' title='bbox 53 966 244 1010; x_wconf 81' lang='lat' dir='ltr'><strong>Unguenta.</strong></span> <span class='ocrx_word' id='word_1_118' title='bbox 260 970 296 1000; x_wconf 88' lang='lat' dir='ltr'><strong>et</strong></span> <span class='ocrx_word' id='word_1_119' title='bbox 311 966 410 1000; x_wconf 82' lang='lat' dir='ltr'><strong>flores</strong></span> <span class='ocrx_word' id='word_1_120' title='bbox 426 967 616 1010; x_wconf 84' lang='lat' dir='ltr'><strong>multaeque</strong></span> <span class='ocrx_word' id='word_1_121' title='bbox 632 967 670 1000; x_wconf 89' lang='lat' dir='ltr'><strong>in</strong></span> <span class='ocrx_word' id='word_1_122' title='bbox 686 968 801 1001; x_wconf 86' lang='lat' dir='ltr'><strong>fronte</strong></span> <span class='ocrx_word' id='word_1_123' title='bbox 818 979 970 1003; x_wconf 84' lang='lat' dir='ltr'><strong>ooronae:</strong></span> 
     </span>
     <span class='ocr_line' id='line_1_21' title="bbox 54 1012 974 1058; baseline 0.003 -13"><span class='ocrx_word' id='word_1_124' title='bbox 54 1012 149 1045; x_wconf 86' lang='lat' dir='ltr'><strong>Hinc</strong></span> <span class='ocrx_word' id='word_1_125' title='bbox 161 1013 326 1055; x_wconf 87' lang='lat' dir='ltr'><strong>jejunum</strong></span> <span class='ocrx_word' id='word_1_126' title='bbox 342 1012 470 1046; x_wconf 91' lang='lat' dir='ltr'><strong>odium.</strong></span> <span class='ocrx_word' id='word_1_127' title='bbox 511 1012 578 1046; x_wconf 81' lang='lat' dir='ltr'><strong>Sed</strong></span> <span class='ocrx_word' id='word_1_128' title='bbox 590 1013 710 1058; x_wconf 81' lang='lat' dir='ltr'><strong>jurgia</strong></span> <span class='ocrx_word' id='word_1_129' title='bbox 725 1014 838 1058; x_wconf 75' lang='lat' dir='ltr'><strong>prima</strong></span> <span class='ocrx_word' id='word_1_130' title='bbox 855 1025 974 1048; x_wconf 85' lang='lat' dir='ltr'><strong>sonare</strong></span> 
     </span>
     <span class='ocr_line' id='line_1_22' title="bbox 53 1057 930 1102; baseline 0.002 -11"><span class='ocrx_word' id='word_1_131' title='bbox 53 1057 236 1102; x_wconf 88' lang='lat' dir='ltr'><strong>Incipiunt</strong></span> <span class='ocrx_word' id='word_1_132' title='bbox 253 1058 378 1091; x_wconf 87' lang='lat' dir='ltr'><strong>animis</strong></span> <span class='ocrx_word' id='word_1_133' title='bbox 395 1059 614 1092; x_wconf 78' lang='lat' dir='ltr'><strong>ardentibus:</strong></span> <span class='ocrx_word' id='word_1_134' title='bbox 639 1059 714 1093; x_wconf 85' lang='lat' dir='ltr'><strong>haec</strong></span> <span class='ocrx_word' id='word_1_135' title='bbox 733 1059 818 1093; x_wconf 88' lang='lat' dir='ltr'><strong>tuba</strong></span> <span class='ocrx_word' id='word_1_136' title='bbox 834 1060 930 1094; x_wconf 79' lang='lat' dir='ltr'><strong>rixae.</strong></span> 
     </span>
     <span class='ocr_line' id='line_1_23' title="bbox 53 1103 875 1148; baseline 0.001 -11"><span class='ocrx_word' id='word_1_137' title='bbox 53 1103 146 1137; x_wconf 90' lang='lat' dir='ltr'><strong>Dein</strong></span> <span class='ocrx_word' id='word_1_138' title='bbox 163 1104 312 1137; x_wconf 87' lang='lat' dir='ltr'><strong>clamore</strong></span> <span class='ocrx_word' id='word_1_139' title='bbox 328 1104 405 1148; x_wconf 83' lang='lat' dir='ltr'><strong>pari</strong></span> <span class='ocrx_word' id='word_1_140' title='bbox 422 1105 649 1148; x_wconf 69' lang='lat' dir='ltr'><strong>eonem-ritus,</strong></span> <span class='ocrx_word' id='word_1_141' title='bbox 667 1109 702 1139; x_wconf 91' lang='lat' dir='ltr'><strong>et</strong></span> <span class='ocrx_word' id='word_1_142' title='bbox 719 1105 794 1138; x_wconf 85' lang='lat' dir='ltr'><strong>vice</strong></span> <span class='ocrx_word' id='word_1_143' title='bbox 811 1106 875 1139; x_wconf 88' lang='lat' dir='ltr'><strong>teli</strong></span> 
     </span>
     <span class='ocr_line' id='line_1_24' title="bbox 54 1149 966 1193; baseline 0.002 -11"><span class='ocrx_word' id='word_1_144' title='bbox 54 1149 163 1183; x_wconf 82' lang='lat' dir='ltr'><strong>Saevit</strong></span> <span class='ocrx_word' id='word_1_145' title='bbox 180 1149 276 1182; x_wconf 81' lang='lat' dir='ltr'><strong>nuda</strong></span> <span class='ocrx_word' id='word_1_146' title='bbox 291 1160 434 1183; x_wconf 86' lang='lat' dir='ltr'><strong>manus:</strong></span> <span class='ocrx_word' id='word_1_147' title='bbox 459 1161 578 1193; x_wconf 85' lang='lat' dir='ltr'><strong>paucae</strong></span> <span class='ocrx_word' id='word_1_148' title='bbox 595 1151 668 1184; x_wconf 89' lang='lat' dir='ltr'><strong>sine</strong></span> <span class='ocrx_word' id='word_1_149' title='bbox 685 1151 828 1185; x_wconf 85' lang='lat' dir='ltr'><strong>vulnere</strong></span> <span class='ocrx_word' id='word_1_150' title='bbox 844 1151 966 1192; x_wconf 84' lang='lat' dir='ltr'><strong>malae;</strong></span> 
     </span>
     <span class='ocr_line' id='line_1_25' title="bbox 55 1195 909 1239; baseline 0.002 -11"><span class='ocrx_word' id='word_1_151' title='bbox 55 1195 126 1228; x_wconf 81' lang='lat' dir='ltr'><strong>Vix</strong></span> <span class='ocrx_word' id='word_1_152' title='bbox 143 1195 307 1239; x_wconf 88' lang='lat' dir='ltr'><strong>cuiquam</strong></span> <span class='ocrx_word' id='word_1_153' title='bbox 323 1199 386 1228; x_wconf 86' lang='lat' dir='ltr'><strong>aut</strong></span> <span class='ocrx_word' id='word_1_154' title='bbox 402 1195 494 1228; x_wconf 86' lang='lat' dir='ltr'><strong>nulli</strong></span> <span class='ocrx_word' id='word_1_155' title='bbox 509 1199 583 1230; x_wconf 87' lang='lat' dir='ltr'><strong>toto</strong></span> <span class='ocrx_word' id='word_1_156' title='bbox 600 1197 788 1230; x_wconf 86' lang='lat' dir='ltr'><strong>certamine</strong></span> <span class='ocrx_word' id='word_1_157' title='bbox 805 1208 909 1230; x_wconf 86' lang='lat' dir='ltr'><strong>nasus</strong></span> 
     </span>
     <span class='ocr_line' id='line_1_26' title="bbox 55 1240 1029 1286; baseline 0.002 -12"><span class='ocrx_word' id='word_1_158' title='bbox 55 1240 206 1285; x_wconf 89' lang='lat' dir='ltr'><strong>Integer.</strong></span> <span class='ocrx_word' id='word_1_159' title='bbox 247 1241 426 1285; x_wconf 86' lang='lat' dir='ltr'><strong>Aspieeres</strong></span> <span class='ocrx_word' id='word_1_160' title='bbox 438 1242 513 1284; x_wconf 88' lang='lat' dir='ltr'><strong>jam</strong></span> <span class='ocrx_word' id='word_1_161' title='bbox 530 1245 656 1275; x_wconf 67' lang='lat' dir='ltr'><strong>ctmcta</strong></span> <span class='ocrx_word' id='word_1_162' title='bbox 673 1253 734 1286; x_wconf 87' lang='lat' dir='ltr'><strong>per</strong></span> <span class='ocrx_word' id='word_1_163' title='bbox 751 1243 893 1286; x_wconf 83' lang='lat' dir='ltr'><strong>agmina</strong></span> <span class='ocrx_word' id='word_1_164' title='bbox 909 1242 1029 1278; x_wconf 75' lang='lat' dir='ltr'><strong>vultus</strong></span> 
     </span>
     <span class='ocr_line' id='line_1_27' title="bbox 54 1286 797 1332; baseline 0 -11"><span class='ocrx_word' id='word_1_165' title='bbox 54 1286 236 1329; x_wconf 86' lang='lat' dir='ltr'><strong>Dimidios,</strong></span> <span class='ocrx_word' id='word_1_166' title='bbox 254 1286 340 1320; x_wconf 87' lang='lat' dir='ltr'><strong>alias</strong></span> <span class='ocrx_word' id='word_1_167' title='bbox 356 1286 461 1320; x_wconf 88' lang='lat' dir='ltr'><strong>facies</strong></span> <span class='ocrx_word' id='word_1_168' title='bbox 479 1290 514 1320; x_wconf 90' lang='lat' dir='ltr'><strong>et</strong></span> <span class='ocrx_word' id='word_1_169' title='bbox 530 1287 668 1321; x_wconf 86' lang='lat' dir='ltr'><strong>hiantia</strong></span> <span class='ocrx_word' id='word_1_170' title='bbox 683 1289 797 1332; x_wconf 90' lang='lat' dir='ltr'><strong>ruptis</strong></span> 
     </span>
    </p>

    <p class='ocr_par' dir='ltr' id='par_1_9' title="bbox 55 1331 944 1467">
     <span class='ocr_line' id='line_1_28' title="bbox 56 1331 944 1377; baseline 0.001 -11"><span class='ocrx_word' id='word_1_171' title='bbox 56 1332 140 1366; x_wconf 88' lang='lat' dir='ltr'><strong>Ossa</strong></span> <span class='ocrx_word' id='word_1_172' title='bbox 156 1333 264 1376; x_wconf 85' lang='lat' dir='ltr'><strong>genis,</strong></span> <span class='ocrx_word' id='word_1_173' title='bbox 281 1331 401 1376; x_wconf 83' lang='lat' dir='ltr'><strong>plenos</strong></span> <span class='ocrx_word' id='word_1_174' title='bbox 418 1333 597 1366; x_wconf 73' lang='lat' dir='ltr'><strong>oculorum</strong></span> <span class='ocrx_word' id='word_1_175' title='bbox 614 1334 785 1377; x_wconf 86' lang='lat' dir='ltr'><strong>sanguine</strong></span> <span class='ocrx_word' id='word_1_176' title='bbox 801 1344 944 1377; x_wconf 61' lang='lat' dir='ltr'><strong>pugnos</strong></span> 
     </span>
     <span class='ocr_line' id='line_1_29' title="bbox 55 1377 846 1423; baseline 0 -12"><span class='ocrx_word' id='word_1_177' title='bbox 55 1377 191 1411; x_wconf 87' lang='lat' dir='ltr'><strong>Ludere</strong></span> <span class='ocrx_word' id='word_1_178' title='bbox 208 1389 243 1411; x_wconf 89' lang='lat' dir='ltr'><strong>se</strong></span> <span class='ocrx_word' id='word_1_179' title='bbox 260 1377 409 1411; x_wconf 89' lang='lat' dir='ltr'><strong>credunt</strong></span> <span class='ocrx_word' id='word_1_180' title='bbox 425 1378 492 1421; x_wconf 89' lang='lat' dir='ltr'><strong>ipsi</strong></span> <span class='ocrx_word' id='word_1_181' title='bbox 508 1382 627 1412; x_wconf 88' lang='lat' dir='ltr'><strong>tamen</strong></span> <span class='ocrx_word' id='word_1_182' title='bbox 644 1383 680 1411; x_wconf 87' lang='lat' dir='ltr'><strong>et</strong></span> <span class='ocrx_word' id='word_1_183' title='bbox 697 1379 846 1423; x_wconf 86' lang='lat' dir='ltr'><strong>pueriles</strong></span> 
     </span>
     <span class='ocr_line' id='line_1_30' title="bbox 56 1423 924 1467; baseline 0.001 -10"><span class='ocrx_word' id='word_1_184' title='bbox 56 1423 225 1457; x_wconf 86' lang='lat' dir='ltr'><strong>Exercere</strong></span> <span class='ocrx_word' id='word_1_185' title='bbox 242 1423 342 1466; x_wconf 83' lang='lat' dir='ltr'><strong>acies,</strong></span> <span class='ocrx_word' id='word_1_186' title='bbox 360 1424 453 1467; x_wconf 91' lang='lat' dir='ltr'><strong>quod</strong></span> <span class='ocrx_word' id='word_1_187' title='bbox 469 1423 569 1457; x_wconf 89' lang='lat' dir='ltr'><strong>nulla</strong></span> <span class='ocrx_word' id='word_1_188' title='bbox 585 1424 754 1458; x_wconf 85' lang='lat' dir='ltr'><strong>cadavera</strong></span> <span class='ocrx_word' id='word_1_189' title='bbox 771 1424 924 1458; x_wconf 86' lang='lat' dir='ltr'><strong>calcent:</strong></span> 
     </span>
    </p>

    <p class='ocr_par' dir='ltr' id='par_1_10' title="bbox 56 1469 792 1513">
     <span class='ocr_line' id='line_1_31' title="bbox 56 1469 792 1513; baseline 0.001 -11"><span class='ocrx_word' id='word_1_190' title='bbox 56 1469 104 1503; x_wconf 89' lang='lat' dir='ltr'><strong>Et</strong></span> <span class='ocrx_word' id='word_1_191' title='bbox 121 1480 203 1502; x_wconf 87' lang='lat' dir='ltr'><strong>sane</strong></span> <span class='ocrx_word' id='word_1_192' title='bbox 220 1480 287 1513; x_wconf 90' lang='lat' dir='ltr'><strong>quo</strong></span> <span class='ocrx_word' id='word_1_193' title='bbox 304 1472 358 1502; x_wconf 84' lang='lat' dir='ltr'><strong>tot</strong></span> <span class='ocrx_word' id='word_1_194' title='bbox 374 1469 524 1502; x_wconf 86' lang='lat' dir='ltr'><strong>rixantis</strong></span> <span class='ocrx_word' id='word_1_195' title='bbox 540 1469 653 1502; x_wconf 80' lang='lat' dir='ltr'><strong>milh‘a</strong></span> <span class='ocrx_word' id='word_1_196' title='bbox 670 1470 792 1513; x_wconf 84' lang='lat' dir='ltr'><strong>turbae,</strong></span> 
     </span>
    </p>

    <p class='ocr_par' dir='ltr' id='par_1_11' title="bbox 57 1513 970 1650">
     <span class='ocr_line' id='line_1_32' title="bbox 57 1513 970 1560; baseline 0.001 -11"><span class='ocrx_word' id='word_1_197' title='bbox 57 1515 94 1549; x_wconf 90' lang='lat' dir='ltr'><strong>Si</strong></span> <span class='ocrx_word' id='word_1_198' title='bbox 111 1515 236 1549; x_wconf 83' lang='lat' dir='ltr'><strong>vivunt</strong></span> <span class='ocrx_word' id='word_1_199' title='bbox 253 1513 393 1548; x_wconf 66' lang='lat' dir='ltr'><strong>omnes?</strong></span> <span class='ocrx_word' id='word_1_200' title='bbox 434 1515 525 1558; x_wconf 84' lang='lat' dir='ltr'><strong>Ergo</strong></span> <span class='ocrx_word' id='word_1_201' title='bbox 542 1515 652 1548; x_wconf 85' lang='lat' dir='ltr'><strong>acrior</strong></span> <span class='ocrx_word' id='word_1_202' title='bbox 668 1515 829 1560; x_wconf 81' lang='lat' dir='ltr'><strong>impetus,</strong></span> <span class='ocrx_word' id='word_1_203' title='bbox 847 1519 882 1549; x_wconf 90' lang='lat' dir='ltr'><strong>et</strong></span> <span class='ocrx_word' id='word_1_204' title='bbox 893 1516 970 1560; x_wconf 88' lang='lat' dir='ltr'><strong>jam</strong></span> 
     </span>
     <span class='ocr_line' id='line_1_33' title="bbox 57 1560 903 1605; baseline 0.002 -12"><span class='ocrx_word' id='word_1_205' title='bbox 57 1560 150 1594; x_wconf 87' lang='lat' dir='ltr'><strong>Saxa</strong></span> <span class='ocrx_word' id='word_1_206' title='bbox 165 1560 344 1593; x_wconf 84' lang='lat' dir='ltr'><strong>inclinatis</strong></span> <span class='ocrx_word' id='word_1_207' title='bbox 361 1571 422 1604; x_wconf 87' lang='lat' dir='ltr'><strong>per</strong></span> <span class='ocrx_word' id='word_1_208' title='bbox 438 1560 585 1594; x_wconf 88' lang='lat' dir='ltr'><strong>humum</strong></span> <span class='ocrx_word' id='word_1_209' title='bbox 601 1562 747 1605; x_wconf 82' lang='lat' dir='ltr'><strong>quaesita</strong></span> <span class='ocrx_word' id='word_1_210' title='bbox 764 1561 903 1596; x_wconf 85' lang='lat' dir='ltr'><strong>lacertis</strong></span> 
     </span>
     <span class='ocr_line' id='line_1_34' title="bbox 59 1606 809 1650; baseline 0.001 -11"><span class='ocrx_word' id='word_1_211' title='bbox 59 1606 240 1650; x_wconf 89' lang='lat' dir='ltr'><strong>Incipiunt</strong></span> <span class='ocrx_word' id='word_1_212' title='bbox 257 1609 426 1650; x_wconf 87' lang='lat' dir='ltr'><strong>torquere,</strong></span> <span class='ocrx_word' id='word_1_213' title='bbox 444 1606 631 1640; x_wconf 87' lang='lat' dir='ltr'><strong>domestica</strong></span> <span class='ocrx_word' id='word_1_214' title='bbox 648 1607 809 1640; x_wconf 89' lang='lat' dir='ltr'><strong>seditioni</strong></span> 
     </span>
    </p>

    <p class='ocr_par' dir='ltr' id='par_1_12' title="bbox 57 1651 1056 1742">
     <span class='ocr_line' id='line_1_35' title="bbox 57 1651 1056 1700; baseline 0.006 -16"><span class='ocrx_word' id='word_1_215' title='bbox 57 1651 161 1692; x_wconf 83' lang='lat' dir='ltr'><strong>Te1a;</strong></span> <span class='ocrx_word' id='word_1_216' title='bbox 185 1662 249 1684; x_wconf 89' lang='lat' dir='ltr'><strong>nec</strong></span> <span class='ocrx_word' id='word_1_217' title='bbox 265 1651 360 1684; x_wconf 89' lang='lat' dir='ltr'><strong>hunc</strong></span> <span class='ocrx_word' id='word_1_218' title='bbox 377 1651 539 1696; x_wconf 88' lang='lat' dir='ltr'><strong>lapidem,</strong></span> <span class='ocrx_word' id='word_1_219' title='bbox 558 1652 677 1696; x_wconf 84' lang='lat' dir='ltr'><strong>quales</strong></span> <span class='ocrx_word' id='word_1_220' title='bbox 694 1656 730 1686; x_wconf 85' lang='lat' dir='ltr'><strong>et</strong></span> <span class='ocrx_word' id='word_1_221' title='bbox 746 1653 884 1687; x_wconf 80' lang='lat' dir='ltr'><strong>Turnus</strong></span> <span class='ocrx_word' id='word_1_222' title='bbox 901 1657 936 1689; x_wconf 87' lang='lat' dir='ltr'><strong>et</strong></span> <span class='ocrx_word' id='word_1_223' title='bbox 953 1654 1056 1700; x_wconf 81' lang='lat' dir='ltr'><strong>Ajax,</strong></span> 
     </span>
     <span class='ocr_line' id='line_1_36' title="bbox 59 1697 872 1742; baseline 0.002 -12"><span class='ocrx_word' id='word_1_224' title='bbox 59 1697 126 1731; x_wconf 88' lang='lat' dir='ltr'><strong>Vel</strong></span> <span class='ocrx_word' id='word_1_225' title='bbox 142 1708 210 1741; x_wconf 87' lang='lat' dir='ltr'><strong>quo</strong></span> <span class='ocrx_word' id='word_1_226' title='bbox 227 1697 378 1740; x_wconf 80' lang='lat' dir='ltr'><strong>Tydides</strong></span> <span class='ocrx_word' id='word_1_227' title='bbox 394 1697 563 1741; x_wconf 86' lang='lat' dir='ltr'><strong>percussit</strong></span> <span class='ocrx_word' id='word_1_228' title='bbox 580 1698 731 1742; x_wconf 88' lang='lat' dir='ltr'><strong>pondere</strong></span> <span class='ocrx_word' id='word_1_229' title='bbox 748 1709 872 1733; x_wconf 80' lang='lat' dir='ltr'><strong>coxam</strong></span> 
     </span>
    </p>
   </div>
   <div class='ocr_carea' id='block_1_5' title="bbox 467 1762 773 1832">
    <p class='ocr_par' dir='ltr' id='par_1_13' title="bbox 467 1762 773 1832">
     <span class='ocr_line' id='line_1_37' title="bbox 467 1762 773 1795; baseline 0 -7"><span class='ocrx_word' id='word_1_230' title='bbox 467 1765 477 1777; x_wconf 84' lang='lat'>⁸</span> <span class='ocrx_word' id='word_1_231' title='bbox 496 1762 596 1795; x_wconf 79' lang='lat' dir='ltr'><strong>Coptos</strong></span> <span class='ocrx_word' id='word_1_232' title='bbox 611 1765 638 1788; x_wconf 84' lang='lat' dir='ltr'><strong>et</strong></span> <span class='ocrx_word' id='word_1_233' title='bbox 651 1763 773 1794; x_wconf 77' lang='lat' dir='ltr'><strong>Tentyra</strong></span> 
     </span>
     <span class='ocr_line' id='line_1_38' title="bbox 617 1808 632 1832; baseline 0 0"><span class='ocrx_word' id='word_1_234' title='bbox 617 1808 632 1832; x_wconf 86' lang='lat'>1</span> 
     </span>
    </p>
   </div>
   <div class='ocr_carea' id='block_1_6' title="bbox 1104 78 1171 112">
    <p class='ocr_par' dir='ltr' id='par_1_14' title="bbox 1104 78 1171 112">
     <span class='ocr_line' id='line_1_39' title="bbox 1104 78 1171 112; baseline 0.03 -2"><span class='ocrx_word' id='word_1_235' title='bbox 1104 78 1171 112; x_wconf 88' lang='grc'><strong>113</strong></span> 
     </span>
    </p>
   </div>
   <div class='ocr_carea' id='block_1_7' title="bbox 1126 513 1172 544">
    <p class='ocr_par' dir='ltr' id='par_1_15' title="bbox 1126 513 1172 544">
     <span class='ocr_line' id='line_1_40' title="bbox 1126 513 1172 544; baseline 0 0"><span class='ocrx_word' id='word_1_236' title='bbox 1126 513 1172 544; x_wconf 83' lang='grc'><strong>40</strong></span> 
     </span>
    </p>
   </div>
  </div>
 </body>
</html>
