1284 1922
85 60 132 92 30
402 60 444 93 D.
471 60 605 93 JUNII
631 60 897 94 JUVENALIS

88 124 254 158 Cardiaco
270 136 453 169 nunquam
471 127 640 169 cyathmn
655 127 823 160 missurus
841 128 951 161 amico
970 140 977 168 ;

88 170 169 203 Cras
186 171 281 204 bibet
298 171 442 204 Albanis
459 172 592 215 aliquid
611 173 652 206 de
669 173 846 206 montibus
864 178 925 207 aut
943 174 985 207 de

86 215 225 258 Setinis,
244 218 343 260 cujus
360 218 511 260 patriam
529 219 743 262 titulumque
761 224 920 252 senectus

85 260 227 295 Delevit
244 262 358 295 multa
375 263 500 296 veteris
517 264 666 307 fuligine
684 268 782 297 testae
799 276 806 298 ε

88 307 199 347 Quale
216 308 371 341 coronati
389 309 539 342 Thrasea
557 309 811 353 Helvidiusque
828 310 995 344 bibebant

85 351 276 385 Brutorum
293 357 328 386 et
346 353 441 387 Cassi
458 354 643 388 natalibus.
693 355 772 399 Ipse
790 367 932 399 capaces

86 397 277 431 Heliadum
295 403 427 432 crustas
445 403 480 433 et
496 400 684 444 inaequales
700 401 832 444 beryllo

86 443 187 477 Virro
205 447 302 477 tenet
319 445 454 488 phialas
472 457 478 479 :
504 445 570 479 tibi
587 458 657 479 non
675 447 908 479 committitur
924 458 1050 480 aurum
1066 460 1075 489 ;

85 488 161 531 Vel,
180 489 208 522 si
226 491 364 533 quando
383 491 496 534 datur,
515 496 630 524 custos
648 491 773 524 affixus
790 492 928 535 ibidem,
1162 495 1208 527 40

86 534 155 574 Qui
171 540 331 568 numeret
348 547 512 579 gemmas,
529 547 733 580 unguesque
751 537 907 571 observet
924 542 1053 572 acutos.

84 580 141 613 Da
158 581 296 614 veniam
313 593 319 614 :
345 582 512 625 praeclara
529 582 602 615 illic
619 582 786 616 laudatur
802 583 916 627 iaspis.

85 625 177 659 Nam
195 626 306 669 Virro,
325 632 366 659 ut
383 627 497 670 multi,
515 639 669 671 gemmas
686 629 731 662 ad
748 629 873 672 pocula
891 630 1056 663 transfert

84 671 116 703 A
134 671 266 714 digitis,
284 683 369 715 quas
386 673 424 705 in
441 673 576 716 vaginae
594 674 708 707 fronte
725 674 857 708 solebat

84 716 217 749 Ponere
234 717 392 761 zelotypo
405 719 546 762 juvenis
564 719 729 763 praelatus
748 720 870 754 Iarbae.

84 761 137 794 Tu
154 762 393 796 Beneventani
411 764 535 797 sutoris
553 776 678 797 nomen
695 765 883 799 habentem

82 806 235 840 Siccabis
253 808 397 841 calicem
413 821 577 842 nasorum
594 814 744 854 quatuor
760 822 799 844 ac
811 813 887 855 jam

82 852 304 896 Quassatam,
322 858 357 887 et
373 859 477 898 rupto
495 860 694 899 poscentem
712 857 847 890 sulfura
864 857 963 891 vitro.

81 898 120 930 Si
138 899 336 932 stomachus
354 899 485 932 domini
502 901 613 934 fervet
630 902 780 945 vinoque
797 903 951 946 ciboque,

83 943 258 986 Frigidior
276 945 404 978 Geticis
421 946 555 989 petitur
573 947 714 980 decocta
731 948 866 991 pruinis
880 960 887 981 :
1160 952 1206 983 50

125 989 208 1022 Non
226 990 346 1023 eadem
364 991 459 1024 vobis
476 992 560 1035 poni
576 993 678 1025 modo
695 993 777 1026 vina
796 993 963 1036 querebar
979 1006 986 1028 ε

83 1034 152 1067 Vos
170 1035 276 1068 aliam
293 1036 422 1079 potatis
439 1048 576 1080 aquam.
625 1039 702 1071 Tibi
719 1039 844 1082 pocula
862 1051 979 1073 cursor

83 1080 241 1114 Gaetulus
259 1081 367 1123 dabit,
386 1086 448 1115 aut
466 1083 558 1125 nigri
575 1095 700 1116 manus
718 1095 812 1118 ossea
830 1084 956 1128 Mauri,

81 1124 128 1158 Et
146 1126 204 1158 cui
220 1137 282 1169 per
299 1127 450 1159 mediam
468 1128 556 1160 nolis
574 1140 750 1162 occurrere
767 1134 915 1172 noctem,

82 1171 226 1205 Olivosae
244 1171 378 1205 veheris
397 1173 480 1205 dum
498 1185 558 1217 per
574 1178 802 1208 monumenta
819 1175 963 1209 Latinae.

81 1215 161 1249 Flos
180 1216 270 1249 Asiae
288 1221 369 1250 ante
386 1218 512 1261 ipsum,
530 1220 641 1262 pretio
658 1222 786 1263 majore
803 1225 955 1265 paratus=

83 1262 196 1302 Quam
212 1262 282 1294 fuit
300 1267 333 1295 ct
352 1263 445 1296 Tulli
463 1275 583 1297 census
600 1266 770 1308 pugnacis
788 1271 822 1299 et
840 1267 938 1309 Anci,

80 1307 136 1349 Et,
154 1319 198 1340 ne
216 1311 250 1340 te
267 1311 415 1351 teneam,
434 1309 667 1343 Romanorum
685 1312 800 1344 omnia
816 1323 938 1354 regum

81 1352 230 1386 Frivola.
281 1353 380 1394 Quod
398 1365 507 1397 quum
524 1355 574 1388 ita
592 1356 646 1399 sit,
664 1360 704 1389 tu
723 1357 899 1390 Gaetulum
918 1358 1155 1402 Ganymedem

82 1398 237 1442 Respice,
256 1410 364 1442 quum
382 1400 486 1434 sities.
534 1401 655 1435 Nescit
672 1405 725 1435 tot
741 1403 895 1436 millibus
913 1408 1026 1437 emtus
1157 1409 1202 1440 60

81 1443 297 1487 Pauperibus
314 1445 456 1479 miscere
473 1458 560 1489 puer
575 1459 582 1480 :
608 1447 666 1479 sed
683 1448 803 1490 forma,
821 1449 880 1481 sed
894 1453 977 1482 aetas

80 1488 198 1532 Digna
215 1490 406 1533 supercilio.
457 1492 604 1532 Quando
621 1493 665 1526 ad
683 1497 718 1526 te
735 1495 892 1537 pervenit
909 1495 968 1527 ille
983 1495 995 1528 2

82 1534 229 1574 Quando
246 1539 388 1568 vocatus
406 1536 504 1570 adest
522 1538 642 1571 calidae
659 1539 851 1582 gelidaeque
867 1540 1027 1574 minister
1043 1542 1055 1575 2

82 1580 219 1623 Quippe
236 1580 442 1623 indignatur
458 1583 567 1615 veteri
585 1595 704 1627 parere
722 1584 852 1627 clienti,

82 1625 252 1668 Quodque
269 1626 402 1669 aliquid
420 1639 540 1670 poscas
557 1634 591 1661 et
609 1630 699 1673 quod
718 1641 752 1663 se
770 1634 884 1663 stante
900 1631 1090 1666 recumbas.

81 1670 239 1703 Maxima
257 1683 400 1715 quaeque
418 1673 539 1706 domus
558 1675 662 1707 sorvis
680 1679 731 1708 est
748 1675 851 1719 plena
869 1677 1033 1720 superbis.

125 1716 225 1760 Ecce,
242 1717 331 1750 alius
349 1722 480 1762 quanto
496 1721 651 1763 porrexit
667 1732 844 1754 murmure
861 1733 988 1766 panem
