1284 1922
462 73 632 107 SATIRA
659 73 698 107 V.
1121 75 1166 108 33

49 140 85 175 Si
103 141 154 175 vis
171 144 210 175 tu
227 141 311 184 fieri,
327 140 446 173 nullus
463 140 528 173 tibi
545 141 711 184 parvulus
729 141 810 174 aula.

47 186 184 220 Luserit
202 187 337 227 AEneaS,
355 197 418 219 nec
435 186 507 219 filia
525 186 657 218 dulcior
674 186 733 219 illo
750 198 756 219 :

47 232 73 266 J
76 232 253 265 ueundum
270 236 306 265 et
323 243 441 264 carum
460 231 584 264 sterilis
601 232 686 264 facit
703 243 790 264 uxor
807 231 967 264 amicum.
1099 233 1165 264 140

47 277 114 311 Sed
131 282 194 311 tun.
210 288 305 310 nunc
323 277 454 320 Migale
472 277 585 320 pariat
604 277 694 318 licet,
713 283 748 309 ct
765 288 888 320 pucros
906 281 974 309 tres

48 322 90 356 In
107 323 278 366 gremium
295 323 404 365 patris
421 322 548 354 fundat
566 322 669 355 simul
686 334 692 355 z
718 323 790 365 ipse
809 322 946 366 loquaci

47 368 221 402 Gaudebit
238 367 320 400 nido
334 380 342 408 3
368 367 512 400 viridem
531 367 672 400 thoraca
684 367 823 410 jubebit

46 413 180 456 Afferri,
197 413 427 456 minimasque
445 424 550 445 nuces
567 424 745 456 assemque
761 416 933 455 rogatum,

46 459 102 492 Ad
119 470 273 492 mensam
291 459 425 502 quoties
442 458 615 501 parasitus
633 458 766 490 venerit
784 458 909 491 infans.

47 503 185 537 Vilibus
202 504 370 547 ancipites
386 503 487 546 fungi
505 509 678 546 ponentur
695 504 824 537 amicis.

46 549 189 584 Boletus
206 549 364 589 domino3
390 548 448 581 sed
466 548 584 591 quales
598 548 767 580 Claudius
785 548 858 581 edit

46 595 140 628 Ante
156 595 257 628 illum
275 594 401 634 uxoris,
420 599 497 637 post
515 605 617 635 quem
635 593 684 625 nil
702 593 852 637 amplius
871 593 952 626 edit.

93 640 194 673 Virro
212 640 276 673 sibi
293 644 328 672 ct
345 639 486 682 reliquis
505 638 707 671 Virronibus
724 639 786 671 illa
798 638 936 681 jubebit

47 685 155 719 Poma
173 685 257 727 dari,
275 696 421 728 quorum
439 684 508 717 solo
525 684 676 727 pascaris
693 684 794 716 odore
810 696 816 716 :
1099 686 1165 716 150

48 731 173 772 Qualia
189 735 377 775 perpetuus
394 729 582 761 Phaeacum
599 734 790 761 autumnus
808 728 968 771 habebat,

47 776 191 810 Credere
208 787 285 820 quae
302 775 409 819 possis
427 780 584 817 surrepta
602 773 772 807 sororibus
790 774 882 806 Afris
899 786 905 807 :

47 821 100 855 Tu
117 821 230 855 scabie
246 821 371 854 frueris
387 819 481 862 mali,
499 819 590 862 quod
609 820 644 852 in
663 830 787 862 aggere
804 820 905 862 rodit,

48 867 116 908 Qui
133 867 265 910 tegitur
281 877 401 909 parma
418 870 453 898 et
470 865 578 907 galea,
596 870 822 908 metuensque
839 864 968 908 flagelli

47 911 160 946 Discit
176 911 220 945 ab
236 911 372 944 hirsuta
383 911 542 954 jaculum
560 916 718 953 torquere
737 910 879 953 capella.

94 957 254 990 Forsitan
271 957 435 1000 impensae
455 955 635 988 Virronem
653 966 792 999 parcere
809 955 936 999 crcdag.

49 1002 125 1036 Hoc
141 1003 226 1046 agit,
243 1007 284 1035 ut
302 1001 416 1034 doleas
433 1013 439 1034 :
465 1012 547 1033 nain
565 1012 642 1044 quae
660 1000 835 1041 comoedia²
853 1001 980 1033 mimus

49 1048 134 1089 Quis
150 1047 271 1081 melior
288 1046 445 1091 plorante
462 1046 546 1090 gula
563 1045 574 1078 3
622 1046 714 1089 Ergo
731 1046 847 1078 omnia
863 1046 964 1088 fiunt,

48 1093 86 1128 Si
102 1093 221 1136 nescis,
238 1097 280 1126 ut
297 1104 357 1136 per
375 1092 534 1125 lacrimas
551 1091 727 1124 effundere
743 1091 849 1124 bilem

49 1139 198 1182 Cognis,
215 1149 398 1182 pressoque
415 1137 477 1169 diu
494 1136 637 1169 stridere
653 1136 784 1169 molari.
1101 1138 1165 1170 160

48 1183 102 1218 Tu
118 1183 183 1218 tibi
200 1184 287 1217 liber
303 1183 404 1216 homo
421 1186 456 1215 et
473 1182 564 1225 regis
581 1182 727 1215 conviva
744 1181 871 1215 videris
887 1193 894 1215 :

49 1229 199 1274 Captum
215 1233 251 1262 te
267 1229 386 1262 nidore
404 1238 472 1261 suae
489 1231 593 1271 putat
610 1227 669 1260 ille
686 1227 810 1260 culinae
827 1240 833 1261 ι

48 1273 121 1308 Nec
137 1275 228 1308 male
244 1276 425 1318 conjectat.
475 1273 560 1314 Quis
577 1273 670 1306 enim
687 1277 760 1306 tam
777 1273 903 1315 nudus,
921 1277 962 1306 ut
979 1272 1081 1306 illum

34 1319 109 1353 ‘Bis
125 1320 225 1362 ferat,
242 1320 429 1353 Etruscum
446 1330 552 1363 puero
569 1318 597 1351 si
615 1318 763 1360 contigit
780 1329 914 1360 aurum,

50 1363 115 1399 Vel
132 1365 243 1399 nodus
259 1370 400 1398 tantum
418 1368 453 1397 et
470 1364 614 1406 signum*
626 1363 668 1396 de
686 1374 836 1407 paupere
854 1363 924 1396 loro
940 1363 952 1396 2

50 1414 134 1458 Spes
149 1413 236 1447 bene
252 1411 411 1446 coenandi
428 1422 486 1444 vos
504 1411 642 1454 decipit.
691 1412 710 1428 “
720 1410 818 1449 Ecce,
835 1409 934 1443 dabit
945 1411 1021 1453 jam

52 1459 230 1494 Semesum
246 1458 395 1502 leporem
411 1460 516 1500 atque
533 1454 663 1499 ahquid
681 1455 722 1488 de
739 1455 899 1489 clunibus
916 1456 1012 1499 apri:

52 1504 108 1538 Ad
123 1515 184 1538 nos
194 1503 271 1547 jam
286 1503 402 1536 veniet
417 1502 528 1535 minor
543 1499 683 1534 altilis.”
733 1501 819 1534 Inde
835 1505 955 1544 parato

24 1583 25 1586 Ἴ
41 1544 256 1589 ,Intaetoque
273 1556 390 1579 omnes
407 1548 443 1577 et
461 1545 580 1576 stricto
598 1553 686 1586 pane
706 1546 837 1576 tacetis.

51 1591 117 1624 Ille
133 1591 234 1636 sapit,
251 1591 312 1635 qui
329 1595 364 1624 te
381 1590 428 1623 sic
446 1589 568 1622 utitur.
619 1588 744 1622 Omnia
760 1589 850 1622 ferre
1102 1590 1168 1623 170

50 1635 88 1670 Si
104 1640 210 1680 potes,
227 1640 263 1670 et
280 1635 390 1669 debes.
439 1633 655 1667 Pulsandum
673 1634 800 1667 vertice
817 1645 892 1667 raso

50 1681 226 1715 Praebebis
241 1681 448 1724 quandoque
465 1684 580 1723 caput,
598 1690 661 1713 nec
679 1679 767 1713 dura
782 1679 919 1713 timebis

51 1726 180 1771 Flagra
195 1727 280 1771 pati,
297 1727 351 1759 his
370 1725 481 1770 epulis
499 1729 533 1758 et
551 1724 615 1758 tali
632 1724 758 1768 diguus
774 1725 894 1758 amico.

597 1780 624 1806 D
