<?xml version="1.0" encoding="UTF-8"?>
<!DOCTYPE html PUBLIC "-//W3C//DTD XHTML 1.0 Transitional//EN"
    "http://www.w3.org/TR/xhtml1/DTD/xhtml1-transitional.dtd">
<html xmlns="http://www.w3.org/1999/xhtml" xml:lang="en" lang="en">
 <head>
  <title>
</title>
<meta http-equiv="Content-Type" content="text/html;charset=utf-8" />
  <meta name='ocr-system' content='tesseract 3.04.00' />
  <meta name='ocr-capabilities' content='ocr_page ocr_carea ocr_par ocr_line ocrx_word'/>
</head>
<body>
  <div class='ocr_page' id='page_1' title='image "./juvenalisetpersi00juveuoft_0045.png"; bbox 0 0 1284 1922; ppageno 0'>
   <div class='ocr_carea' id='block_1_1' title="bbox 39 141 1167 1774">
    <p class='ocr_par' dir='ltr' id='par_1_1' title="bbox 39 141 1167 1145">
     <span class='ocr_line' id='line_1_1' title="bbox 39 141 863 188; baseline -0.007 -11"><span class='ocrx_word' id='word_1_1' title='bbox 39 143 233 188; x_wconf 81' lang='lat' dir='ltr'>Tyrrhenos</span> <span class='ocrx_word' id='word_1_2' title='bbox 250 143 361 186; x_wconf 87' lang='lat' dir='ltr'>igitur</span> <span class='ocrx_word' id='word_1_3' title='bbox 377 142 505 175; x_wconf 85' lang='lat' dir='ltr'>fluetus</span> <span class='ocrx_word' id='word_1_4' title='bbox 523 141 664 184; x_wconf 85' lang='lat' dir='ltr'>lateque</span> <span class='ocrx_word' id='word_1_5' title='bbox 681 141 863 173; x_wconf 82' lang='lat' dir='ltr'>sonantem</span> 
     </span>
     <span class='ocr_line' id='line_1_2' title="bbox 39 184 891 230; baseline -0.008 -7"><span class='ocrx_word' id='word_1_6' title='bbox 39 189 192 223; x_wconf 75' lang='lat' dir='ltr'>Pertulit</span> <span class='ocrx_word' id='word_1_7' title='bbox 210 188 351 222; x_wconf 86' lang='lat' dir='ltr'>Ionium</span> <span class='ocrx_word' id='word_1_8' title='bbox 369 187 545 221; x_wconf 76' lang='lat' dir='ltr'>constanti</span> <span class='ocrx_word' id='word_1_9' title='bbox 562 190 711 230; x_wconf 75' lang='lat' dir='ltr'>pectore,</span> <span class='ocrx_word' id='word_1_10' title='bbox 731 184 891 229; x_wconf 82' lang='lat' dir='ltr'>quamvis</span> 
     </span>
     <span class='ocr_line' id='line_1_3' title="bbox 39 230 893 274; baseline -0.007 -6"><span class='ocrx_word' id='word_1_11' title='bbox 39 234 255 268; x_wconf 85' lang='lat' dir='ltr'>Mutandum</span> <span class='ocrx_word' id='word_1_12' title='bbox 272 234 376 267; x_wconf 88' lang='lat' dir='ltr'>toties</span> <span class='ocrx_word' id='word_1_13' title='bbox 394 237 483 266; x_wconf 88' lang='lat' dir='ltr'>esset</span> <span class='ocrx_word' id='word_1_14' title='bbox 499 243 604 265; x_wconf 84' lang='lat' dir='ltr'>mare.</span> <span class='ocrx_word' id='word_1_15' title='bbox 646 231 754 264; x_wconf 72' lang='lat' dir='ltr'>Justa,</span> <span class='ocrx_word' id='word_1_16' title='bbox 771 230 893 274; x_wconf 81' lang='lat' dir='ltr'>pericli</span> 
     </span>
     <span class='ocr_line' id='line_1_4' title="bbox 39 275 1016 321; baseline -0.006 -7"><span class='ocrx_word' id='word_1_17' title='bbox 39 280 76 314; x_wconf 85' lang='lat' dir='ltr'>Si</span> <span class='ocrx_word' id='word_1_18' title='bbox 92 280 181 314; x_wconf 88' lang='lat' dir='ltr'>ratio</span> <span class='ocrx_word' id='word_1_19' title='bbox 198 284 251 313; x_wconf 89' lang='lat' dir='ltr'>est</span> <span class='ocrx_word' id='word_1_20' title='bbox 267 284 303 313; x_wconf 90' lang='lat' dir='ltr'>et</span> <span class='ocrx_word' id='word_1_21' title='bbox 319 279 474 321; x_wconf 86' lang='lat' dir='ltr'>honesta,</span> <span class='ocrx_word' id='word_1_22' title='bbox 492 278 620 311; x_wconf 86' lang='lat' dir='ltr'>timent</span> <span class='ocrx_word' id='word_1_23' title='bbox 637 277 833 321; x_wconf 73' lang='lat' dir='ltr'>pavidoque</span> <span class='ocrx_word' id='word_1_24' title='bbox 851 275 1016 318; x_wconf 81' lang='lat' dir='ltr'>gelantur</span> 
     </span>
     <span class='ocr_line' id='line_1_5' title="bbox 39 321 962 369; baseline -0.007 -10"><span class='ocrx_word' id='word_1_25' title='bbox 39 325 193 369; x_wconf 82' lang='lat' dir='ltr'>Pectore,</span> <span class='ocrx_word' id='word_1_26' title='bbox 210 337 274 358; x_wconf 90' lang='lat' dir='ltr'>nec</span> <span class='ocrx_word' id='word_1_27' title='bbox 292 324 451 358; x_wconf 81' lang='lat' dir='ltr'>tremulis</span> <span class='ocrx_word' id='word_1_28' title='bbox 468 327 614 368; x_wconf 83' lang='lat' dir='ltr'>possunt</span> <span class='ocrx_word' id='word_1_29' title='bbox 631 323 790 355; x_wconf 79' lang='lat' dir='ltr'>insistere</span> <span class='ocrx_word' id='word_1_30' title='bbox 808 321 939 365; x_wconf 85' lang='lat' dir='ltr'>plantis</span> <span class='ocrx_word' id='word_1_31' title='bbox 955 332 962 354; x_wconf 76' lang='grc' dir='ltr'>ε</span> 
     </span>
     <span class='ocr_line' id='line_1_6' title="bbox 39 366 1101 415; baseline -0.005 -10"><span class='ocrx_word' id='word_1_32' title='bbox 39 371 179 405; x_wconf 87' lang='lat' dir='ltr'>Fortem</span> <span class='ocrx_word' id='word_1_33' title='bbox 196 371 353 404; x_wconf 84' lang='lat' dir='ltr'>animum</span> <span class='ocrx_word' id='word_1_34' title='bbox 369 374 538 415; x_wconf 68' lang='lat' dir='ltr'>praestant</span> <span class='ocrx_word' id='word_1_35' title='bbox 555 369 666 410; x_wconf 86' lang='lat' dir='ltr'>rebus,</span> <span class='ocrx_word' id='word_1_36' title='bbox 686 379 772 412; x_wconf 85' lang='lat' dir='ltr'>quas</span> <span class='ocrx_word' id='word_1_37' title='bbox 790 367 941 411; x_wconf 82' lang='lat' dir='ltr'>turpiter</span> <span class='ocrx_word' id='word_1_38' title='bbox 958 366 1101 400; x_wconf 87' lang='lat' dir='ltr'>audent.</span> 
     </span>
     <span class='ocr_line' id='line_1_7' title="bbox 39 413 987 461; baseline -0.007 -10"><span class='ocrx_word' id='word_1_39' title='bbox 39 417 77 451; x_wconf 87' lang='lat' dir='ltr'>Si</span> <span class='ocrx_word' id='word_1_40' title='bbox 91 416 215 461; x_wconf 83' lang='lat' dir='ltr'>jubeat</span> <span class='ocrx_word' id='word_1_41' title='bbox 233 418 371 460; x_wconf 79' lang='lat' dir='ltr'>conjux,</span> <span class='ocrx_word' id='word_1_42' title='bbox 390 416 518 448; x_wconf 87' lang='lat' dir='ltr'>durum</span> <span class='ocrx_word' id='word_1_43' title='bbox 535 419 587 447; x_wconf 89' lang='lat' dir='ltr'>est</span> <span class='ocrx_word' id='word_1_44' title='bbox 604 414 832 447; x_wconf 76' lang='lat' dir='ltr'>conscendere</span> <span class='ocrx_word' id='word_1_45' title='bbox 849 413 968 445; x_wconf 72' lang='lat' dir='ltr'>navim</span> <span class='ocrx_word' id='word_1_46' title='bbox 978 425 987 453; x_wconf 88' lang='lat'>;</span> 
     </span>
     <span class='ocr_line' id='line_1_8' title="bbox 40 459 976 505; baseline -0.006 -9"><span class='ocrx_word' id='word_1_47' title='bbox 40 463 138 496; x_wconf 80' lang='lat' dir='ltr'>Tunc</span> <span class='ocrx_word' id='word_1_48' title='bbox 156 463 293 495; x_wconf 88' lang='lat' dir='ltr'>sentina</span> <span class='ocrx_word' id='word_1_49' title='bbox 310 462 436 505; x_wconf 85' lang='lat' dir='ltr'>gravis,</span> <span class='ocrx_word' id='word_1_50' title='bbox 454 464 540 494; x_wconf 89' lang='lat' dir='ltr'>tunc</span> <span class='ocrx_word' id='word_1_51' title='bbox 558 471 714 493; x_wconf 88' lang='lat' dir='ltr'>summus</span> <span class='ocrx_word' id='word_1_52' title='bbox 732 459 884 492; x_wconf 80' lang='lat' dir='ltr'>vertitur</span> <span class='ocrx_word' id='word_1_53' title='bbox 901 469 976 491; x_wconf 87' lang='lat' dir='ltr'>aer:</span> 
     </span>
     <span class='ocr_line' id='line_1_9' title="bbox 41 503 1164 551; baseline -0.005 -10"><span class='ocrx_word' id='word_1_54' title='bbox 41 508 124 549; x_wconf 86' lang='lat' dir='ltr'>Quae</span> <span class='ocrx_word' id='word_1_55' title='bbox 138 508 312 541; x_wconf 83' lang='lat' dir='ltr'>moechum</span> <span class='ocrx_word' id='word_1_56' title='bbox 323 508 488 551; x_wconf 84' lang='lat' dir='ltr'>sequitur,</span> <span class='ocrx_word' id='word_1_57' title='bbox 501 506 678 539; x_wconf 83' lang='lat' dir='ltr'>stomacho</span> <span class='ocrx_word' id='word_1_58' title='bbox 690 505 792 538; x_wconf 80' lang='lat' dir='ltr'>valet.</span> <span class='ocrx_word' id='word_1_59' title='bbox 828 504 896 537; x_wconf 87' lang='lat' dir='ltr'>Illa</span> <span class='ocrx_word' id='word_1_60' title='bbox 906 503 1075 536; x_wconf 85' lang='lat' dir='ltr'>maritum</span> <span class='ocrx_word' id='word_1_61' title='bbox 1096 505 1164 536; x_wconf 91' lang='lat' dir='ltr'>lOO</span> 
     </span>
     <span class='ocr_line' id='line_1_10' title="bbox 41 551 981 595; baseline -0.006 -8"><span class='ocrx_word' id='word_1_62' title='bbox 41 554 240 587; x_wconf 87' lang='lat' dir='ltr'>Convomit:</span> <span class='ocrx_word' id='word_1_63' title='bbox 263 553 339 586; x_wconf 87' lang='lat' dir='ltr'>haec</span> <span class='ocrx_word' id='word_1_64' title='bbox 356 553 448 586; x_wconf 86' lang='lat' dir='ltr'>inter</span> <span class='ocrx_word' id='word_1_65' title='bbox 464 556 590 585; x_wconf 77' lang='lat' dir='ltr'>nautas</span> <span class='ocrx_word' id='word_1_66' title='bbox 608 556 642 584; x_wconf 87' lang='lat' dir='ltr'>et</span> <span class='ocrx_word' id='word_1_67' title='bbox 659 551 818 595; x_wconf 83' lang='lat' dir='ltr'>prandet,</span> <span class='ocrx_word' id='word_1_68' title='bbox 836 554 871 582; x_wconf 89' lang='lat' dir='ltr'>et</span> <span class='ocrx_word' id='word_1_69' title='bbox 888 553 981 582; x_wconf 85' lang='lat' dir='ltr'>errat</span> 
     </span>
     <span class='ocr_line' id='line_1_11' title="bbox 41 595 970 644; baseline -0.006 -11"><span class='ocrx_word' id='word_1_70' title='bbox 41 599 109 633; x_wconf 91' lang='lat' dir='ltr'>Per</span> <span class='ocrx_word' id='word_1_71' title='bbox 125 611 289 644; x_wconf 90' lang='lat' dir='ltr'>puppem,</span> <span class='ocrx_word' id='word_1_72' title='bbox 308 602 343 632; x_wconf 92' lang='lat' dir='ltr'>et</span> <span class='ocrx_word' id='word_1_73' title='bbox 360 598 464 631; x_wconf 91' lang='lat' dir='ltr'>duros</span> <span class='ocrx_word' id='word_1_74' title='bbox 481 598 611 641; x_wconf 83' lang='lat' dir='ltr'>gaudet</span> <span class='ocrx_word' id='word_1_75' title='bbox 627 601 779 630; x_wconf 81' lang='lat' dir='ltr'>tractare</span> <span class='ocrx_word' id='word_1_76' title='bbox 796 595 970 628; x_wconf 87' lang='lat' dir='ltr'>rudentes.</span> 
     </span>
     <span class='ocr_line' id='line_1_12' title="bbox 42 641 1008 686; baseline -0.006 -7"><span class='ocrx_word' id='word_1_77' title='bbox 42 645 119 686; x_wconf 84' lang='lat' dir='ltr'>Qua</span> <span class='ocrx_word' id='word_1_78' title='bbox 136 650 254 678; x_wconf 88' lang='lat' dir='ltr'>tamen</span> <span class='ocrx_word' id='word_1_79' title='bbox 271 645 402 677; x_wconf 82' lang='lat' dir='ltr'>exarsit</span> <span class='ocrx_word' id='word_1_80' title='bbox 418 645 539 686; x_wconf 82' lang='lat' dir='ltr'>forma,</span> <span class='ocrx_word' id='word_1_81' title='bbox 558 654 627 686; x_wconf 83' lang='lat' dir='ltr'>qua</span> <span class='ocrx_word' id='word_1_82' title='bbox 645 646 748 686; x_wconf 85' lang='lat' dir='ltr'>capta</span> <span class='ocrx_word' id='word_1_83' title='bbox 760 644 910 686; x_wconf 86' lang='lat' dir='ltr'>juventa</span> <span class='ocrx_word' id='word_1_84' title='bbox 927 644 979 674; x_wconf 91' lang='lat' dir='ltr'>est</span> <span class='ocrx_word' id='word_1_85' title='bbox 991 641 1008 664; x_wconf 77' lang='lat' dir='ltr'>b</span> 
     </span>
     <span class='ocr_line' id='line_1_13' title="bbox 41 686 902 735; baseline -0.006 -11"><span class='ocrx_word' id='word_1_86' title='bbox 41 690 201 735; x_wconf 69' lang='lat' dir='ltr'>Hippia?</span> <span class='ocrx_word' id='word_1_87' title='bbox 227 691 311 734; x_wconf 91' lang='lat' dir='ltr'>quid</span> <span class='ocrx_word' id='word_1_88' title='bbox 329 690 428 732; x_wconf 88' lang='lat' dir='ltr'>vidit,</span> <span class='ocrx_word' id='word_1_89' title='bbox 446 693 588 733; x_wconf 85' lang='lat' dir='ltr'>propter</span> <span class='ocrx_word' id='word_1_90' title='bbox 605 689 697 732; x_wconf 87' lang='lat' dir='ltr'>quod</span> <span class='ocrx_word' id='word_1_91' title='bbox 715 688 814 720; x_wconf 84' lang='lat' dir='ltr'>ludia</span> <span class='ocrx_word' id='word_1_92' title='bbox 831 686 902 719; x_wconf 87' lang='lat' dir='ltr'>dici</span> 
     </span>
     <span class='ocr_line' id='line_1_14' title="bbox 41 734 911 778; baseline -0.006 -8"><span class='ocrx_word' id='word_1_93' title='bbox 41 735 242 770; x_wconf 66' lang='lat' dir='ltr'>Sustinuit?</span> <span class='ocrx_word' id='word_1_94' title='bbox 267 747 349 769; x_wconf 88' lang='lat' dir='ltr'>nam</span> <span class='ocrx_word' id='word_1_95' title='bbox 367 735 542 778; x_wconf 83' lang='lat' dir='ltr'>Sergiolus</span> <span class='ocrx_word' id='word_1_96' title='bbox 555 735 631 778; x_wconf 83' lang='lat' dir='ltr'>jam</span> <span class='ocrx_word' id='word_1_97' title='bbox 647 734 768 767; x_wconf 85' lang='lat' dir='ltr'>radere</span> <span class='ocrx_word' id='word_1_98' title='bbox 784 736 911 776; x_wconf 84' lang='lat' dir='ltr'>guttur</span> 
     </span>
     <span class='ocr_line' id='line_1_15' title="bbox 43 779 867 826; baseline -0.006 -10"><span class='ocrx_word' id='word_1_99' title='bbox 43 782 211 826; x_wconf 82' lang='lat' dir='ltr'>Coeperat,</span> <span class='ocrx_word' id='word_1_100' title='bbox 229 785 264 815; x_wconf 90' lang='lat' dir='ltr'>et</span> <span class='ocrx_word' id='word_1_101' title='bbox 282 786 374 814; x_wconf 89' lang='lat' dir='ltr'>secto</span> <span class='ocrx_word' id='word_1_102' title='bbox 391 781 547 825; x_wconf 83' lang='lat' dir='ltr'>requiem</span> <span class='ocrx_word' id='word_1_103' title='bbox 566 791 702 823; x_wconf 86' lang='lat' dir='ltr'>sperare</span> <span class='ocrx_word' id='word_1_104' title='bbox 719 779 867 812; x_wconf 83' lang='lat' dir='ltr'>lacerto:</span> 
     </span>
     <span class='ocr_line' id='line_1_16' title="bbox 42 825 811 868; baseline -0.005 -7"><span class='ocrx_word' id='word_1_105' title='bbox 42 827 215 861; x_wconf 82' lang='lat' dir='ltr'>Praeterea</span> <span class='ocrx_word' id='word_1_106' title='bbox 231 827 345 860; x_wconf 83' lang='lat' dir='ltr'>multa</span> <span class='ocrx_word' id='word_1_107' title='bbox 362 827 399 860; x_wconf 86' lang='lat' dir='ltr'>in</span> <span class='ocrx_word' id='word_1_108' title='bbox 415 827 505 859; x_wconf 84' lang='lat' dir='ltr'>facie</span> <span class='ocrx_word' id='word_1_109' title='bbox 522 826 701 868; x_wconf 79' lang='lat' dir='ltr'>deformia,</span> <span class='ocrx_word' id='word_1_110' title='bbox 720 825 811 858; x_wconf 86' lang='lat' dir='ltr'>sicut</span> 
     </span>
     <span class='ocr_line' id='line_1_17' title="bbox 41 871 877 916; baseline -0.005 -10"><span class='ocrx_word' id='word_1_111' title='bbox 41 873 198 906; x_wconf 85' lang='lat' dir='ltr'>Attritus</span> <span class='ocrx_word' id='word_1_112' title='bbox 215 873 316 916; x_wconf 83' lang='lat' dir='ltr'>galea</span> <span class='ocrx_word' id='word_1_113' title='bbox 332 872 524 916; x_wconf 84' lang='lat' dir='ltr'>mediisque</span> <span class='ocrx_word' id='word_1_114' title='bbox 542 872 578 904; x_wconf 93' lang='lat' dir='ltr'>in</span> <span class='ocrx_word' id='word_1_115' title='bbox 595 871 736 904; x_wconf 86' lang='lat' dir='ltr'>naribus</span> <span class='ocrx_word' id='word_1_116' title='bbox 754 871 877 913; x_wconf 84' lang='lat' dir='ltr'>ingens</span> 
     </span>
     <span class='ocr_line' id='line_1_18' title="bbox 43 914 945 962; baseline -0.006 -10"><span class='ocrx_word' id='word_1_117' title='bbox 43 919 186 962; x_wconf 85' lang='lat' dir='ltr'>Gibbus,</span> <span class='ocrx_word' id='word_1_118' title='bbox 204 923 239 951; x_wconf 89' lang='lat' dir='ltr'>et</span> <span class='ocrx_word' id='word_1_119' title='bbox 255 929 333 952; x_wconf 87' lang='lat' dir='ltr'>acre</span> <span class='ocrx_word' id='word_1_120' title='bbox 349 918 482 951; x_wconf 78' lang='lat' dir='ltr'>malum</span> <span class='ocrx_word' id='word_1_121' title='bbox 500 929 634 961; x_wconf 87' lang='lat' dir='ltr'>semper</span> <span class='ocrx_word' id='word_1_122' title='bbox 652 917 819 950; x_wconf 85' lang='lat' dir='ltr'>stillantis</span> <span class='ocrx_word' id='word_1_123' title='bbox 836 914 945 948; x_wconf 88' lang='lat' dir='ltr'>ocelli.</span> 
     </span>
     <span class='ocr_line' id='line_1_19' title="bbox 43 961 1167 1008; baseline -0.005 -10"><span class='ocrx_word' id='word_1_124' title='bbox 43 964 110 998; x_wconf 86' lang='lat' dir='ltr'>Sed</span> <span class='ocrx_word' id='word_1_125' title='bbox 128 964 302 1008; x_wconf 82' lang='lat' dir='ltr'>gladiator</span> <span class='ocrx_word' id='word_1_126' title='bbox 319 969 413 997; x_wconf 87' lang='lat' dir='ltr'>erat:</span> <span class='ocrx_word' id='word_1_127' title='bbox 438 964 526 997; x_wconf 81' lang='lat' dir='ltr'>facit</span> <span class='ocrx_word' id='word_1_128' title='bbox 542 963 607 996; x_wconf 87' lang='lat' dir='ltr'>hoc</span> <span class='ocrx_word' id='word_1_129' title='bbox 625 963 701 995; x_wconf 89' lang='lat' dir='ltr'>illos</span> <span class='ocrx_word' id='word_1_130' title='bbox 720 961 940 1005; x_wconf 78' lang='lat' dir='ltr'>Hyacinthos</span> <span class='ocrx_word' id='word_1_131' title='bbox 950 973 960 1001; x_wconf 89' lang='lat'>;</span> <span class='ocrx_word' id='word_1_132' title='bbox 1099 962 1167 993; x_wconf 88' lang='lat'>110</span> 
     </span>
     <span class='ocr_line' id='line_1_20' title="bbox 44 1006 935 1054; baseline -0.006 -10"><span class='ocrx_word' id='word_1_133' title='bbox 44 1010 124 1044; x_wconf 89' lang='lat' dir='ltr'>Hoc</span> <span class='ocrx_word' id='word_1_134' title='bbox 141 1010 258 1054; x_wconf 89' lang='lat' dir='ltr'>pueris</span> <span class='ocrx_word' id='word_1_135' title='bbox 274 1010 475 1053; x_wconf 77' lang='lat' dir='ltr'>patriaeque,</span> <span class='ocrx_word' id='word_1_136' title='bbox 493 1009 558 1042; x_wconf 88' lang='lat' dir='ltr'>hoc</span> <span class='ocrx_word' id='word_1_137' title='bbox 575 1008 733 1052; x_wconf 83' lang='lat' dir='ltr'>praetulit</span> <span class='ocrx_word' id='word_1_138' title='bbox 750 1007 812 1041; x_wconf 83' lang='lat' dir='ltr'>illa</span> <span class='ocrx_word' id='word_1_139' title='bbox 830 1006 935 1039; x_wconf 89' lang='lat' dir='ltr'>sorori</span> 
     </span>
     <span class='ocr_line' id='line_1_21' title="bbox 43 1051 1166 1100; baseline -0.004 -10"><span class='ocrx_word' id='word_1_140' title='bbox 43 1057 160 1100; x_wconf 86' lang='lat' dir='ltr'>Atque</span> <span class='ocrx_word' id='word_1_141' title='bbox 177 1056 259 1089; x_wconf 84' lang='lat' dir='ltr'>viro.</span> <span class='ocrx_word' id='word_1_142' title='bbox 302 1055 449 1088; x_wconf 87' lang='lat' dir='ltr'>Ferrum</span> <span class='ocrx_word' id='word_1_143' title='bbox 466 1058 526 1093; x_wconf 80' lang='lat' dir='ltr'>est,</span> <span class='ocrx_word' id='word_1_144' title='bbox 545 1054 636 1097; x_wconf 88' lang='lat' dir='ltr'>quod</span> <span class='ocrx_word' id='word_1_145' title='bbox 654 1057 783 1087; x_wconf 86' lang='lat' dir='ltr'>amant.</span> <span class='ocrx_word' id='word_1_146' title='bbox 829 1052 898 1086; x_wconf 93' lang='lat' dir='ltr'>Hic</span> <span class='ocrx_word' id='word_1_147' title='bbox 916 1051 1056 1095; x_wconf 82' lang='lat' dir='ltr'>Sergius</span> <span class='ocrx_word' id='word_1_148' title='bbox 1073 1051 1166 1085; x_wconf 89' lang='lat' dir='ltr'>idem</span> 
     </span>
     <span class='ocr_line' id='line_1_22' title="bbox 43 1099 781 1145; baseline -0.005 -10"><span class='ocrx_word' id='word_1_149' title='bbox 43 1101 200 1145; x_wconf 85' lang='lat' dir='ltr'>Accepta</span> <span class='ocrx_word' id='word_1_150' title='bbox 216 1101 303 1133; x_wconf 88' lang='lat' dir='ltr'>rude</span> <span class='ocrx_word' id='word_1_151' title='bbox 320 1103 479 1144; x_wconf 76' lang='lat' dir='ltr'>coepisset</span> <span class='ocrx_word' id='word_1_152' title='bbox 497 1100 643 1133; x_wconf 83' lang='lat' dir='ltr'>Veiento</span> <span class='ocrx_word' id='word_1_153' title='bbox 661 1099 781 1132; x_wconf 85' lang='lat' dir='ltr'>videri.</span> 
     </span>
    </p>

    <p class='ocr_par' dir='ltr' id='par_1_2' title="bbox 43 1142 1167 1737">
     <span class='ocr_line' id='line_1_23' title="bbox 91 1142 1032 1190; baseline -0.004 -10"><span class='ocrx_word' id='word_1_154' title='bbox 91 1147 183 1188; x_wconf 87' lang='lat' dir='ltr'>Quid</span> <span class='ocrx_word' id='word_1_155' title='bbox 201 1147 339 1190; x_wconf 85' lang='lat' dir='ltr'>privata</span> <span class='ocrx_word' id='word_1_156' title='bbox 355 1146 487 1189; x_wconf 85' lang='lat' dir='ltr'>domus,</span> <span class='ocrx_word' id='word_1_157' title='bbox 505 1145 589 1189; x_wconf 86' lang='lat' dir='ltr'>quid</span> <span class='ocrx_word' id='word_1_158' title='bbox 606 1145 728 1178; x_wconf 89' lang='lat' dir='ltr'>fecerit</span> <span class='ocrx_word' id='word_1_159' title='bbox 746 1143 888 1188; x_wconf 86' lang='lat' dir='ltr'>Hippia,</span> <span class='ocrx_word' id='word_1_160' title='bbox 907 1142 1032 1177; x_wconf 67' lang='lat' dir='ltr'>curas?</span> 
     </span>
     <span class='ocr_line' id='line_1_24' title="bbox 45 1190 834 1236; baseline -0.004 -11"><span class='ocrx_word' id='word_1_161' title='bbox 45 1193 191 1236; x_wconf 88' lang='lat' dir='ltr'>Respice</span> <span class='ocrx_word' id='word_1_162' title='bbox 207 1192 333 1225; x_wconf 83' lang='lat' dir='ltr'>rivales</span> <span class='ocrx_word' id='word_1_163' title='bbox 350 1191 538 1224; x_wconf 75' lang='lat' dir='ltr'>Divorum:</span> <span class='ocrx_word' id='word_1_164' title='bbox 567 1190 732 1224; x_wconf 88' lang='lat' dir='ltr'>Claudius</span> <span class='ocrx_word' id='word_1_165' title='bbox 750 1190 834 1223; x_wconf 90' lang='lat' dir='ltr'>audi</span> 
     </span>
     <span class='ocr_line' id='line_1_25' title="bbox 45 1237 1018 1280; baseline -0.004 -9"><span class='ocrx_word' id='word_1_166' title='bbox 45 1238 128 1280; x_wconf 82' lang='lat' dir='ltr'>Quae</span> <span class='ocrx_word' id='word_1_167' title='bbox 145 1237 275 1271; x_wconf 86' lang='lat' dir='ltr'>tulerit.</span> <span class='ocrx_word' id='word_1_168' title='bbox 316 1237 475 1270; x_wconf 84' lang='lat' dir='ltr'>Dormire</span> <span class='ocrx_word' id='word_1_169' title='bbox 491 1237 606 1270; x_wconf 78' lang='lat' dir='ltr'>virum</span> <span class='ocrx_word' id='word_1_170' title='bbox 623 1248 733 1280; x_wconf 91' lang='lat' dir='ltr'>quum</span> <span class='ocrx_word' id='word_1_171' title='bbox 750 1238 904 1268; x_wconf 86' lang='lat' dir='ltr'>senserat</span> <span class='ocrx_word' id='word_1_172' title='bbox 920 1245 1018 1278; x_wconf 81' lang='lat' dir='ltr'>uxor,</span> 
     </span>
     <span class='ocr_line' id='line_1_26' title="bbox 43 1282 801 1326; baseline -0.004 -9"><span class='ocrx_word' id='word_1_173' title='bbox 43 1284 140 1317; x_wconf 82' lang='lat' dir='ltr'>Ausa</span> <span class='ocrx_word' id='word_1_174' title='bbox 157 1283 318 1317; x_wconf 84' lang='lat' dir='ltr'>Palatino</span> <span class='ocrx_word' id='word_1_175' title='bbox 335 1286 488 1326; x_wconf 88' lang='lat' dir='ltr'>tegetem</span> <span class='ocrx_word' id='word_1_176' title='bbox 504 1282 666 1326; x_wconf 85' lang='lat' dir='ltr'>praeferre</span> <span class='ocrx_word' id='word_1_177' title='bbox 684 1282 801 1324; x_wconf 85' lang='lat' dir='ltr'>cubili,</span> 
     </span>
     <span class='ocr_line' id='line_1_27' title="bbox 44 1326 935 1370; baseline -0.003 -8"><span class='ocrx_word' id='word_1_178' title='bbox 44 1328 187 1363; x_wconf 89' lang='lat' dir='ltr'>Sumere</span> <span class='ocrx_word' id='word_1_179' title='bbox 203 1332 392 1361; x_wconf 87' lang='lat' dir='ltr'>nocturnos</span> <span class='ocrx_word' id='word_1_180' title='bbox 408 1328 575 1361; x_wconf 79' lang='lat' dir='ltr'>meretrix</span> <span class='ocrx_word' id='word_1_181' title='bbox 592 1327 754 1370; x_wconf 69' lang='lat' dir='ltr'>Augusta</span> <span class='ocrx_word' id='word_1_182' title='bbox 772 1326 935 1369; x_wconf 57' lang='lat' dir='ltr'>euenum,</span> 
     </span>
     <span class='ocr_line' id='line_1_28' title="bbox 45 1373 892 1419; baseline -0.004 -12"><span class='ocrx_word' id='word_1_183' title='bbox 45 1373 242 1419; x_wconf 86' lang='lat' dir='ltr'>Linquebat</span> <span class='ocrx_word' id='word_1_184' title='bbox 259 1374 384 1406; x_wconf 87' lang='lat' dir='ltr'>comite</span> <span class='ocrx_word' id='word_1_185' title='bbox 401 1374 530 1406; x_wconf 84' lang='lat' dir='ltr'>ancilla</span> <span class='ocrx_word' id='word_1_186' title='bbox 546 1385 617 1406; x_wconf 87' lang='lat' dir='ltr'>non</span> <span class='ocrx_word' id='word_1_187' title='bbox 634 1373 785 1416; x_wconf 84' lang='lat' dir='ltr'>amplius</span> <span class='ocrx_word' id='word_1_188' title='bbox 803 1384 892 1405; x_wconf 80' lang='lat' dir='ltr'>una:</span> 
     </span>
     <span class='ocr_line' id='line_1_29' title="bbox 46 1418 1167 1463; baseline -0.004 -10"><span class='ocrx_word' id='word_1_189' title='bbox 46 1420 124 1463; x_wconf 90' lang='lat' dir='ltr'>Sed,</span> <span class='ocrx_word' id='word_1_190' title='bbox 141 1420 283 1463; x_wconf 85' lang='lat' dir='ltr'>nigrum</span> <span class='ocrx_word' id='word_1_191' title='bbox 299 1419 389 1452; x_wconf 82' lang='lat' dir='ltr'>flavo</span> <span class='ocrx_word' id='word_1_192' title='bbox 406 1419 538 1452; x_wconf 89' lang='lat' dir='ltr'>crinem</span> <span class='ocrx_word' id='word_1_193' title='bbox 554 1419 787 1452; x_wconf 82' lang='lat' dir='ltr'>abscondente</span> <span class='ocrx_word' id='word_1_194' title='bbox 805 1418 931 1461; x_wconf 87' lang='lat' dir='ltr'>galero,</span> <span class='ocrx_word' id='word_1_195' title='bbox 1100 1418 1167 1450; x_wconf 82' lang='lat'>120</span> 
     </span>
     <span class='ocr_line' id='line_1_30' title="bbox 47 1464 830 1507; baseline -0.004 -8"><span class='ocrx_word' id='word_1_196' title='bbox 47 1465 199 1499; x_wconf 85' lang='lat' dir='ltr'>Intravit</span> <span class='ocrx_word' id='word_1_197' title='bbox 216 1464 371 1499; x_wconf 87' lang='lat' dir='ltr'>calidum</span> <span class='ocrx_word' id='word_1_198' title='bbox 387 1465 499 1497; x_wconf 86' lang='lat' dir='ltr'>veteri</span> <span class='ocrx_word' id='word_1_199' title='bbox 516 1468 662 1497; x_wconf 90' lang='lat' dir='ltr'>centone</span> <span class='ocrx_word' id='word_1_200' title='bbox 679 1464 830 1507; x_wconf 84' lang='lat' dir='ltr'>lupanar</span> 
     </span>
     <span class='ocr_line' id='line_1_31' title="bbox 44 1507 1054 1553; baseline -0.004 -8"><span class='ocrx_word' id='word_1_201' title='bbox 44 1511 92 1545; x_wconf 88' lang='lat' dir='ltr'>Et</span> <span class='ocrx_word' id='word_1_202' title='bbox 108 1511 233 1545; x_wconf 87' lang='lat' dir='ltr'>cellam</span> <span class='ocrx_word' id='word_1_203' title='bbox 248 1521 395 1544; x_wconf 85' lang='lat' dir='ltr'>vacuam</span> <span class='ocrx_word' id='word_1_204' title='bbox 413 1514 519 1553; x_wconf 79' lang='lat' dir='ltr'>atque</span> <span class='ocrx_word' id='word_1_205' title='bbox 537 1521 644 1543; x_wconf 88' lang='lat' dir='ltr'>suam.</span> <span class='ocrx_word' id='word_1_206' title='bbox 686 1509 784 1542; x_wconf 82' lang='lat' dir='ltr'>Tunc</span> <span class='ocrx_word' id='word_1_207' title='bbox 800 1508 897 1542; x_wconf 79' lang='lat' dir='ltr'>nuda</span> <span class='ocrx_word' id='word_1_208' title='bbox 913 1507 1054 1553; x_wconf 81' lang='lat' dir='ltr'>papillis</span> 
     </span>
     <span class='ocr_line' id='line_1_32' title="bbox 47 1555 884 1599; baseline -0.004 -9"><span class='ocrx_word' id='word_1_209' title='bbox 47 1556 213 1590; x_wconf 82' lang='lat' dir='ltr'>Constitit</span> <span class='ocrx_word' id='word_1_210' title='bbox 230 1556 372 1599; x_wconf 81' lang='lat' dir='ltr'>auratis,</span> <span class='ocrx_word' id='word_1_211' title='bbox 390 1556 538 1589; x_wconf 81' lang='lat' dir='ltr'>titulum</span> <span class='ocrx_word' id='word_1_212' title='bbox 553 1555 704 1588; x_wconf 84' lang='lat' dir='ltr'>mentita</span> <span class='ocrx_word' id='word_1_213' title='bbox 720 1555 884 1598; x_wconf 82' lang='lat' dir='ltr'>Lyciscae,</span> 
     </span>
     <span class='ocr_line' id='line_1_33' title="bbox 48 1600 1000 1645; baseline -0.001 -10"><span class='ocrx_word' id='word_1_214' title='bbox 48 1602 278 1645; x_wconf 86' lang='lat' dir='ltr'>Ostenditque</span> <span class='ocrx_word' id='word_1_215' title='bbox 295 1605 406 1644; x_wconf 90' lang='lat' dir='ltr'>tuum,</span> <span class='ocrx_word' id='word_1_216' title='bbox 424 1612 587 1645; x_wconf 86' lang='lat' dir='ltr'>generose</span> <span class='ocrx_word' id='word_1_217' title='bbox 604 1600 815 1639; x_wconf 75' lang='lat' dir='ltr'>Britannice,</span> <span class='ocrx_word' id='word_1_218' title='bbox 833 1604 1000 1634; x_wconf 82' lang='lat' dir='ltr'>ventrem.</span> 
     </span>
     <span class='ocr_line' id='line_1_34' title="bbox 47 1646 935 1691; baseline -0.003 -10"><span class='ocrx_word' id='word_1_219' title='bbox 47 1647 198 1691; x_wconf 83' lang='lat' dir='ltr'>Excepit</span> <span class='ocrx_word' id='word_1_220' title='bbox 213 1646 343 1680; x_wconf 87' lang='lat' dir='ltr'>blanda</span> <span class='ocrx_word' id='word_1_221' title='bbox 359 1647 542 1689; x_wconf 84' lang='lat' dir='ltr'>intrantes,</span> <span class='ocrx_word' id='word_1_222' title='bbox 560 1650 665 1690; x_wconf 84' lang='lat' dir='ltr'>atque</span> <span class='ocrx_word' id='word_1_223' title='bbox 684 1657 751 1680; x_wconf 81' lang='lat' dir='ltr'>aera</span> <span class='ocrx_word' id='word_1_224' title='bbox 768 1646 935 1690; x_wconf 86' lang='lat' dir='ltr'>poposcit,</span> 
     </span>
     <span class='ocr_line' id='line_1_35' title="bbox 47 1692 961 1737; baseline -0.003 -10"><span class='ocrx_word' id='word_1_225' title='bbox 47 1693 95 1727; x_wconf 86' lang='lat' dir='ltr'>Et</span> <span class='ocrx_word' id='word_1_226' title='bbox 110 1692 274 1737; x_wconf 85' lang='lat' dir='ltr'>resupina</span> <span class='ocrx_word' id='word_1_227' title='bbox 284 1693 405 1737; x_wconf 82' lang='lat' dir='ltr'>jacens</span> <span class='ocrx_word' id='word_1_228' title='bbox 422 1692 614 1726; x_wconf 83' lang='lat' dir='ltr'>multorum</span> <span class='ocrx_word' id='word_1_229' title='bbox 631 1692 807 1725; x_wconf 86' lang='lat' dir='ltr'>absorbuit</span> <span class='ocrx_word' id='word_1_230' title='bbox 824 1692 924 1724; x_wconf 83' lang='lat' dir='ltr'>ictus.</span> <span class='ocrx_word' id='word_1_231' title='bbox 959 1698 961 1700; x_wconf 84' lang='lat'>&#39;</span> 
     </span>
    </p>

    <p class='ocr_par' dir='ltr' id='par_1_3' title="bbox 538 1747 675 1774">
     <span class='ocr_line' id='line_1_36' title="bbox 538 1747 675 1774; baseline 0.007 -1"><span class='ocrx_word' id='word_1_232' title='bbox 538 1747 552 1766; x_wconf 64' lang='lat' dir='ltr'>b</span> <span class='ocrx_word' id='word_1_233' title='bbox 571 1751 612 1773; x_wconf 80' lang='lat' dir='ltr'>est</span> <span class='ocrx_word' id='word_1_234' title='bbox 623 1756 675 1774; x_wconf 84' lang='lat' dir='ltr'>om.</span> 
     </span>
    </p>
   </div>
   <div class='ocr_carea' id='block_1_2' title="bbox 469 0 1284 295">
    <p class='ocr_par' dir='ltr' id='par_1_4' title="bbox 469 0 1284 295">
     <span class='ocr_line' id='line_1_37' title="bbox 469 0 1284 123; baseline -0.006 -15"><span class='ocrx_word' id='word_1_235' title='bbox 469 74 640 108; x_wconf 79' lang='lat' dir='ltr'><strong>SATIRA</strong></span> <span class='ocrx_word' id='word_1_236' title='bbox 667 73 727 106; x_wconf 89' lang='lat' dir='ltr'>VI.</span> <span class='ocrx_word' id='word_1_237' title='bbox 1117 70 1160 104; x_wconf 85' lang='grc'>37</span> <span class='ocrx_word' id='word_1_238' title='bbox 1278 0 1284 123; x_wconf 63' lang='lat' dir='ltr'>i</span> 
     </span>
     <span class='ocr_line' id='line_1_38' title="bbox 1282 254 1284 295; baseline 0 0"><span class='ocrx_word' id='word_1_239' title='bbox 1282 254 1284 295; x_wconf 90' lang='grc' dir='ltr'>Ι</span> 
     </span>
    </p>
   </div>
  </div>
 </body>
</html>
