1284 1922
520 53 692 88 SATIRA
718 54 758 88 V.
1137 51 1198 86 135

75 124 194 169 Atque
210 124 407 159 verecunda
422 123 584 158 laxamus
601 124 690 158 seria
705 134 834 157 mensa.

75 170 156 204 Non
172 170 334 214 equidem
351 170 416 204 hoc
433 170 583 213 dubites,
601 169 781 203 amborum
797 168 926 204 foedere
943 171 1036 203 certo

76 216 278 250 Consentire
295 216 368 249 dies
386 220 421 250 ct
437 216 482 250 ab
498 227 569 250 uno
586 215 696 249 sidere
713 215 811 249 duci:

75 261 204 296 Nostra
220 262 276 296 vel
294 262 420 306 aequali
438 261 619 306 suspendit
636 265 793 305 tempora
810 260 898 295 libra

76 307 186 342 Parca
203 311 312 341 tenax
329 307 412 351 veri,
430 319 491 341 seu
507 310 592 340 nata
608 306 768 340 fidelibus
786 306 870 340 hora

75 353 214 387 Dividit
229 353 267 387 in
284 353 440 397 geminos
457 352 639 386 concordia
655 353 730 386 fata
746 353 906 396 duorum,

76 399 328 433 Saturnumve‘
343 409 486 443 gravem
502 402 619 432 nostro
635 398 725 432 Jove
742 398 935 441 frangimus
952 408 1043 432 una:
1153 399 1198 431 50

76 444 201 479 Nescio
219 444 321 489 quod,
339 449 432 478 certe
449 447 510 487 est,
528 444 620 488 quod
637 455 692 477 me
709 443 775 478 tibi
792 447 974 488 temperat,
992 447 1135 477 astrum.

124 490 226 525 Mille
242 491 425 524 hominum
442 490 571 534 species
589 494 624 523 et
640 501 757 523 rermn
773 489 920 523 discolor
936 501 1043 530 usus;

78 536 177 570 Velle
194 548 295 570 suum
312 537 437 580 cuique
454 540 516 579 cst,
533 547 597 569 nec
614 539 694 569 voto
711 535 843 569 vivitur
860 547 938 569 uno.

78 581 252 616 Mercibus
269 582 327 616 hic
345 582 445 615 Italis
463 585 580 615 mutat
597 581 660 615 sub
676 581 746 615 sole
762 581 894 615 recenti

79 628 258 672 Rugosum
275 628 375 672 piper
391 632 427 662 et
443 627 608 672 pallentis
625 638 736 670 grana
752 627 905 668 cumini3

79 674 149 707 Hic
166 678 264 708 satur
280 674 410 717 irriguo
426 673 561 707 mavult
578 677 773 716 turgescere
790 684 928 714 somn03

80 719 150 753 Hic
169 719 297 764 Campo
314 719 495 763 indulget3
519 719 615 752 hunc
631 719 708 752 alea
725 719 903 763 decoquit3
927 718 988 751 ille

82 765 124 799 In
142 766 308 800 Venerem
325 769 461 810 pun-ets
476 779 483 799 z
510 765 568 798 sed
587 775 694 808 quum
711 764 865 807 lapidosa
881 764 1043 807 chiragra

82 811 238 855 Fregerit
254 811 417 845 articulos
434 810 559 845 veteris
575 808 718 843 ramalia
734 810 818 852 fagi,

81 857 180 890 Tunc
197 868 326 891 crassos
343 856 506 890 transisse
524 856 597 889 dics
613 855 796 899 lucemque
813 854 1016 899 palustrem,
1157 856 1200 888 60

82 902 129 936 Et
146 903 212 936 sibi
224 904 300 947 jam
316 902 456 936 miserih
474 902 585 935 vitam
601 902 800 945 ingemuere
816 901 985 935 relictam.

130 949 178 982 At
195 952 230 982 te
247 948 427 982 nocturnis
439 949 542 992 juvat
559 947 795 991 impallescere
812 946 961 980 chartis:

84 994 204 1028 Cultor
221 994 315 1028 enim
327 996 515 1038 juvenumi
532 997 698 1037 purgatas
715 993 837 1026 inseris
854 1003 954 1026 aures

84 1040 200 1084 Fruge
217 1040 415 1074 Cleanthea.
456 1039 565 1083 petite
582 1039 665 1072 hinc
677 1039 891 1083 juvenesque
908 1049 1074 1082 senesque

84 1085 208 1119 Finem
225 1086 341 1120 animo
357 1089 491 1119 certum
507 1085 680 1129 serisquek
697 1085 826 1118 viatica
842 1084 956 1118 canis!

86 1133 104 1149 “
117 1132 197 1166 Cras
215 1132 280 1165 hoc
296 1131 387 1165 fiet.’'
422 1131 521 1164 Idem
538 1142 612 1164 cras
629 1131 698 1165 fiet.
733 1131 752 1147 “
766 1130 880 1172 Quid?
906 1129 1006 1174 quasi
1022 1141 1191 1173 magnum

85 1177 229 1222 Nempe,
247 1178 339 1210 diem
356 1177 463 1211 donas
476 1176 509 1212 !'’
550 1177 618 1210 Sed
636 1188 745 1220 quum
762 1176 825 1210 lux
841 1176 951 1210 altera
968 1176 1075 1218 venit,

87 1224 113 1258 J
114 1236 171 1258 am
185 1235 259 1257 cras
276 1223 477 1257 hesternum
493 1222 595 1256 heull
621 1223 890 1256 consumsimus:
914 1233 992 1255 ecce
1009 1221 1106 1256 aliud
1123 1232 1198 1255 cras

87 1270 208 1314 Egerit
225 1269 287 1303 hos
304 1280 420 1312 annos,
439 1272 474 1302 et
490 1280 625 1312 semper
641 1268 784 1312 paulum
801 1268 868 1302 erit
886 1268 986 1302 ultra.

87 1316 180 1349 Nam
198 1315 356 1359 quamvis
372 1326 478 1359 prope
495 1318 540 1357 te,
557 1314 716 1358 quamvis
733 1317 870 1348 temone
887 1314 951 1347 sub
969 1324 1039 1348 uno
1164 1313 1209 1348 70

89 1361 294 1395 Vertentem
311 1371 382 1394 sese
399 1360 530 1393 frustra
545 1360 721 1393 sectabere
737 1360 914 1402 canthum,

90 1407 206 1449 Quum
222 1411 299 1440 rota
315 1406 483 1450 posterior
499 1416 616 1439 curras
633 1409 668 1439 et
685 1405 723 1438 in
740 1416 806 1438 axe
823 1405 983 1439 secundo.

136 1453 313 1486 Libertate
330 1463 415 1496 opus
432 1455 484 1485 est
504 1462 512 1485 τ
536 1462 604 1484 non
621 1451 696 1491 hac,
714 1462 792 1494 qua,
809 1452 978 1494 quisque*
1000 1449 1125 1484 Velina

91 1499 235 1532 Publius
253 1498 409 1539 emeruit,
428 1496 620 1530 scabiosum
637 1496 805 1530 tesserula
821 1496 876 1529 far

91 1544 258 1578 Possidet.
299 1544 380 1577 Heu
398 1543 530 1576 steriles
546 1542 629 1585 veri,
647 1542 771 1586 quibus
788 1553 860 1575 una
877 1541 1050 1583 Quiritem

92 1590 236 1634 Vertigo
252 1589 358 1625 facit!
384 1589 442 1623 hic
459 1589 572 1623 Dama
588 1592 640 1621 est
657 1599 727 1621 non
744 1588 861 1622 tressis
878 1599 991 1632 agaso,

130 1665 140 1684 ἲ
159 1667 362 1699 Saturnumque
566 1669 579 1688 Ε
599 1666 668 1690 Ven.
683 1669 723 1690 ost
736 1667 824 1698 putris
1021 1666 1033 1683 ¹¹
1048 1666 1109 1698 jam
1122 1665 1177 1690 seri

129 1702 138 1720 ἱ
158 1704 231 1728 enim
244 1707 285 1728 est
295 1704 354 1735 juv.
569 1703 581 1722 k
599 1703 759 1735 miserisque
1021 1698 1029 1717 ¹
1048 1701 1104 1727 heu
1118 1710 1174 1727 om.

132 1747 150 1759 ¹¹¹
170 1741 222 1766 hac
236 1743 266 1765 ut
279 1741 367 1773 quisq.
400 1740 451 1765 bac
465 1747 550 1772 quam
563 1742 594 1764 ut
606 1740 695 1772 quisq.
