1284 1922
473 49 645 83 SATIRA
671 49 737 84 VI.
1125 51 1172 85 49

52 115 178 151 Mollia
194 116 255 160 qui
270 119 372 160 rapta
389 117 499 150 secuit
515 116 684 160 genitalia
700 120 792 150 testa.

53 161 138 196 Jam
154 161 298 206 pridem,
315 162 372 195 eui
388 173 494 195 rauca
512 162 641 205 cohors,
659 162 717 195 cui
734 166 902 206 tympana
919 162 1048 197 cedunt

54 206 205 249 Plebeia,
222 210 258 240 et
274 207 429 251 Phrygia
445 207 594 241 vestitur
610 207 720 241 bucca
736 208 835 241 tiara.

56 252 193 287 Grande
209 256 318 294 sonat,
334 253 513 296 metuique
524 251 627 296 jubet
644 252 854 297 Septembris
871 257 907 287 et
923 254 1044 288 Austri

54 298 266 341 Adventum,
283 298 351 331 nisi
367 309 403 332 se
420 302 562 331 centum
579 298 781 332 lustraverit
798 299 881 343 ovis,

53 343 102 377 Et
118 343 372 388 xerampelinas
389 348 521 377 veteres
538 344 745 377 donaverit
735 344 812 388 ipsi,

55 389 114 433 Ut,
131 389 302 434 quidquid
320 389 427 422 subiti
445 393 480 422 et
497 389 616 433 magni
633 389 841 423 discriminis
857 390 977 434 instat²
1107 392 1172 424 520

55 435 99 468 In
116 435 252 469 tunicas
269 439 336 477 eat,
353 439 388 468 et
405 439 520 468 totum
537 434 641 468 semel
658 436 776 488 expiet
793 447 934 471 annum.

55 480 253 514 Hibernum
269 480 382 514 fracta
398 480 509 524 glacie
527 481 738 514 descendet
728 492 766 514 in
783 493 931 525 amnem,

55 526 122 560 Ter
136 526 312 560 matutino
328 525 444 559 Tiberi
459 530 644 570 mergetur,
662 530 697 560 et
713 527 797 571 ipsis

55 571 254 605 Vorticibus
270 571 436 605 timidum
452 576 559 616 caput
575 571 694 605 abluet
708 585 717 613 ;
740 572 822 605 inde
840 572 979 617 superbi

55 617 182 651 Totum
197 617 287 661 regis
304 628 428 661 agrum
443 617 540 651 nuda
557 628 597 651 ac
613 617 844 651 tremebunda
861 618 1014 651 cruentis

55 662 184 707 Erepet
200 662 356 706 genibus,
375 663 403 695 si
420 663 569 696 candida
580 663 724 706 jusserit
742 663 781 696 Io
798 676 806 704 ;

56 708 128 742 Ibit
144 708 190 742 ad
205 708 354 752 AEgypti
370 708 475 741 finem
492 708 674 751 calidaque
690 709 819 752 petitas

55 754 87 787 A
104 753 221 787 Meroe
237 753 391 799 portabit
407 764 523 797 aquaS,
541 758 582 787 ut
599 758 740 797 spargat
755 755 794 787 in
811 754 921 788 aedem

57 799 169 842 Isidis,
186 799 332 843 antiquo
349 809 425 843 quae
442 799 601 843 proxima
618 799 731 842 surgit
747 800 840 833 ovili.

57 845 175 879 Credit
192 845 285 878 enim
301 845 411 889 ipsius
428 844 575 878 dominae
593 856 628 878 se
645 856 727 878 voce
743 845 886 880 moneri.
1108 847 1175 879 530

55 890 111 924 En
127 890 282 924 animam
298 895 333 923 et
349 894 511 934 mentem,
529 901 612 924 cum
628 901 696 934 qua
712 890 760 924 Di
777 895 878 925 nocte
894 891 1103 935 loquantur!

56 935 150 979 Ergo
165 935 223 969 hic
240 935 454 980 praecipuum
471 947 712 979 summumque
729 940 880 969 meretur
896 936 1073 980 honorem,

58 981 135 1024 Qui,
153 993 256 1025 grege
272 981 418 1024 linigero
435 981 669 1014 circumdatus
687 985 722 1014 et
738 992 842 1025 grege
859 982 967 1026 calm,

55 1026 263 1070 Plangentis
280 1008 401 1078 popouli
417 1027 525 1060 currit
542 1026 671 1059 derisor
686 1026 832 1061 Anubis.

57 1071 124 1105 Ille
140 1072 230 1116 petit
247 1072 395 1115 veniam,
411 1072 545 1116 quoties
561 1083 632 1105 non
648 1071 800 1105 abstinet
816 1083 902 1106 uxor

59 1117 253 1151 Concubitu
269 1118 373 1150 sacris
390 1117 679 1161 observandisque
696 1117 826 1162 diebus,

57 1162 259 1207 Magnaque
275 1162 420 1196 debetur
435 1163 564 1196 violato
580 1174 683 1207 poena
699 1163 858 1207 cadurco,

57 1207 105 1242 Et
120 1209 267 1242 movisse
283 1212 390 1253 caput
406 1209 479 1242 visa
496 1213 548 1242 est
565 1212 731 1252 argentea
748 1220 896 1253 serpens.

59 1254 159 1287 Illius
175 1254 326 1288 lacrimae
342 1254 579 1298 meditataque
595 1265 774 1288 murmura
791 1256 970 1298 praestant,

58 1299 108 1333 Ut
125 1300 263 1333 veniam
279 1299 390 1343 culpae
407 1311 476 1332 non
493 1299 633 1342 abnuat,
651 1310 769 1332 ansere
785 1311 913 1344 magno
1109 1300 1177 1333 540

58 1344 199 1380 Scilicet
216 1349 251 1378 et
267 1345 366 1378 tenui
382 1356 518 1388 popano
535 1349 714 1388 corruptus
732 1345 848 1379 Osiris.

107 1390 222 1431 Quum
238 1390 335 1423 dedit
351 1390 411 1423 ille
428 1390 543 1423 locum
558 1401 565 1423 ε
591 1389 738 1433 cophino
754 1390 914 1434 foenoque
930 1390 1061 1434 relicto,

59 1435 234 1469 Arcanam
250 1436 275 1470 J
278 1436 377 1469 udaea
393 1439 544 1468 tremens
559 1435 736 1468 mendicat
752 1435 790 1468 in
807 1447 934 1477 aurem,

60 1481 236 1526 Interpres
252 1481 369 1525 legum
386 1481 605 1524 Solymarum
621 1484 656 1513 et
672 1492 800 1524 magna
818 1481 974 1515 sacerdos

59 1526 201 1560 Arboris
217 1538 257 1560 ac
275 1527 401 1560 summi
417 1526 487 1559 fida.
503 1526 721 1559 internuntia
738 1526 815 1559 coeli
830 1539 839 1567 3

61 1572 192 1616 Implet
207 1576 243 1606 et
259 1572 320 1605 illa
336 1583 488 1613 manum,
507 1571 565 1604 sed
582 1571 718 1615 parcius
733 1584 739 1605 :
765 1583 830 1605 aere
845 1572 992 1616 minuto,

63 1617 321 1661 Qualiacunque
337 1617 430 1651 voles
447 1617 472 1651 J
476 1617 565 1649 udaei
582 1617 713 1650 somnia
729 1617 894 1651 vendunt.

62 1662 217 1707 Spondet
232 1667 422 1696 amatorem
437 1667 607 1705 tenerum,
623 1662 680 1696 vel
696 1663 814 1696 divitis
831 1662 904 1696 orbi

63 1708 324 1743 Testamentum
335 1709 469 1753 ingens,
486 1708 606 1742 calidae
623 1708 788 1752 pulmone
805 1708 970 1742 columbae

601 1762 624 1787 Ε
