1284 1922
472 65 642 101 SATIRA
667 66 763 102 XIV.
1129 67 1188 101 [03

0 132 2 135 ’
66 131 218 167 Materia
235 135 392 167 constare
409 136 514 178 putat
530 133 740 178 paribusque
756 132 956 168 elementis:

66 180 123 212 An
141 180 259 214 saevire
276 180 376 213 docet
393 179 542 222 Rutilus,
561 181 623 224 qui
639 181 770 223 gaudet
787 180 908 214 acerbo

67 224 256 269 Plagarum
273 226 420 270 strepitu
438 229 473 259 et
490 226 624 259 nullam
642 226 763 260 Sirena
779 226 927 269 flagellis

68 271 262 315 Comparat,
280 271 491 315 Antiphates
509 272 637 316 trepidi
654 272 751 306 Laris
768 284 810 306 ac
826 272 1072 317 Polyphemus,
1143 273 1189 305 20

67 317 156 350 Tum
172 317 268 357 felix,
287 318 420 361 quoties
437 317 565 361 aliquis
583 322 711 351 tortore
729 322 850 352 vocato

67 363 190 396 Uritur
207 364 344 396 ardenti
361 363 429 396 duo
446 367 586 408 propter
602 364 713 397 lintea
729 364 843 398 ferro?

68 409 159 450 Quid
177 410 299 442 suadet
311 410 435 453 juveni
451 410 552 442 laetus
570 410 716 443 stridore
733 414 875 453 catenae,

69 455 180 496 Quem
196 455 282 488 mire
299 455 456 488 afficiunt
473 455 642 500 inscripta
659 456 843 499 ergastula,
861 467 979 490 carcer

69 501 256 534 Rusticus?
297 501 498 545 Exspectas,
516 505 556 534 ut
572 512 642 534 non
660 502 704 534 sit
721 501 881 536 adultera
897 502 1018 546 Largae

67 546 168 590 Filia,
187 558 264 591 quae
282 558 462 590 nunquam
478 551 652 580 maternos
669 548 782 580 dicere
798 548 951 581 moechos

67 593 153 626 Tam
171 594 249 635 cito,
267 604 330 626 nec
347 597 446 626 tanto
463 593 591 637 poterit
609 597 792 627 contexere
809 605 921 637 eursu,

68 639 118 672 Ut
134 650 203 673 non
221 643 274 672 ter
292 639 403 672 decies
420 639 588 683 respiret?
630 639 773 672 Conscia
789 640 895 672 matri

69 684 176 728 Virgo
193 685 281 718 fuit:
307 696 401 718 ceras
418 696 512 718 nunc
528 685 594 718 hac
611 685 768 718 dictante
784 685 929 729 pusillas

69 731 210 775 Implet,
229 735 264 764 et
282 731 325 764 ad
342 730 517 764 moechum
535 731 596 764 dat
614 731 743 764 eisdem
760 731 849 765 ferre
867 731 1020 765 cinaedis.
1146 732 1191 764 30

69 777 125 811 Sic
142 781 271 811 natura
282 776 402 821 jubet:
427 777 579 810 velocius
597 780 632 810 et
649 777 754 810 citius
770 789 832 810 nos

69 824 302 867 Corrumpunt
319 823 484 856 vitiorum
501 823 662 866 exempla
679 823 876 866 domestica,
893 823 1031 866 magnis

70 870 187 910 Quum
205 869 354 903 subeunt
371 869 503 902 animos
521 868 728 903 auctoribus.
770 869 867 903 Unus
885 874 920 903 et
937 870 1026 903 alter

70 914 230 948 Forsitan
247 915 324 948 haeo
342 919 507 958 spernant
519 916 675 958 juvenes,
693 915 818 958 quibus
835 919 910 949 arte
926 915 1078 958 benigna

69 961 117 994 Et
133 961 274 994 meliore
290 961 365 994 luto
382 960 488 993 finxit
505 960 695 1004 praecordia
712 961 835 994 Titan:

70 1006 137 1040 Sed
154 1007 303 1051 reliquos
320 1006 488 1049 fugienda
505 1010 646 1050 patrum
664 1007 812 1049 vestigia
829 1007 975 1050 ducunt,

70 1053 117 1086 Et
133 1057 327 1086 monstrata
344 1052 405 1085 diu
423 1052 548 1085 veteris
565 1052 676 1085 trahit
693 1052 806 1086 orbita
823 1053 945 1097 culpae.

70 1099 256 1132 Abstineas
274 1099 382 1142 igitur
398 1097 623 1131 damnandis:
650 1098 755 1142 hujus
772 1099 865 1132 enim
882 1098 938 1132 vel

71 1145 151 1178 Una
167 1149 289 1189 potens
306 1144 395 1177 ratio
412 1148 473 1187 est,
491 1155 534 1177 ne
552 1144 698 1177 crimina
714 1148 832 1178 nostra
849 1147 1041 1189 sequantur

71 1191 126 1224 Ex
144 1191 241 1224 nobis
258 1190 385 1234 geniti:
411 1190 577 1234 quonjam
594 1190 721 1223 dociles
737 1191 917 1224 imitandis
1147 1192 1193 1222 40

71 1236 246 1281 Turpibus
263 1248 303 1269 ac
320 1236 436 1280 pravis
453 1247 570 1269 omnes
588 1247 715 1278 sumus,
733 1240 769 1270 et
786 1237 974 1271 Catilinam

73 1283 288 1326 Quocunque
303 1282 342 1314 in
358 1281 486 1326 populo
503 1282 630 1324 videm,
650 1293 856 1327 quocunque
874 1284 937 1317 sub
954 1294 1038 1318 axe:

73 1328 141 1362 Sed
158 1340 222 1362 nec
239 1328 369 1361 Brutus
387 1328 462 1370 erit,
480 1327 582 1361 Bruti
598 1339 662 1361 nec
679 1329 873 1362 avunculus
890 1341 1048 1374 usquam.

73 1374 134 1408 Nil
151 1375 248 1407 dictu
265 1373 396 1407 foedum
413 1373 558 1416 visuque
575 1373 650 1406 haeo
666 1373 790 1407 limina
806 1378 942 1417 tangat,

74 1420 175 1454 Intra
192 1431 268 1464 quae
286 1430 372 1464 puer
389 1422 449 1452 est.
492 1419 618 1452 Procul
634 1419 726 1461 hinc,
744 1420 864 1463 procul
881 1421 963 1455 inde
977 1422 1104 1467 puellae

73 1466 254 1500 Lenonum
271 1470 306 1499 et
323 1469 446 1498 cantus
464 1465 699 1508 pernoctantis
716 1466 870 1509 parasiti.

75 1512 234 1546 Maxima
251 1511 396 1544 debetur
413 1522 519 1554 puero
535 1511 739 1545 reverentia.
788 1511 825 1545 Si
842 1513 927 1556 quid

75 1558 190 1602 Turpe
207 1568 317 1602 paras,
334 1568 377 1590 ne
395 1560 435 1589 tu
452 1556 552 1600 pueri
570 1557 791 1591 contemseris
808 1569 933 1594 annos:

75 1603 142 1637 Sed
160 1607 344 1647 peccaturo
362 1602 506 1636 obsistat
524 1602 609 1635 tibiq
627 1602 720 1636 filius
736 1604 863 1638 infans.

75 1649 167 1683 Nam
184 1649 212 1682 si
230 1649 314 1693 quid
331 1649 479 1692 dignum
497 1648 652 1681 Censoris
668 1648 790 1683 fecerit
806 1650 859 1684 ira.
1153 1653 1200 1685 50

77 1695 302 1740 Quandoque,
319 1699 355 1729 et
372 1694 519 1729 similem
537 1694 602 1727 tibi
620 1705 654 1727 se
671 1706 741 1728 non
758 1707 897 1741 corpore
914 1700 1056 1732 tantum

547 1753 560 1773 ‘³
578 1753 668 1777 obstet
679 1753 730 1778 tibi
