1284 1922
504 60 683 113 ⁸smum
709 61 772 95 v1.
1135 65 1178 96 51

53 131 230 166 Divitibus
247 141 411 174 responsa
427 129 563 163 dabunt
583 129 704 173 Phryx
717 141 829 173 augur
847 133 882 163 et
900 129 1008 163 Indus

54 177 265 219 conductus,
283 176 382 209 dabit
399 179 571 208 astrorum
587 176 781 219 mundique
798 176 933 220 peritus

53 223 171 268 Atque
188 222 314 266 aliquis
332 221 452 264 senior,
471 222 532 265 qui
549 221 690 266 publica
706 222 849 265 fulgura
865 223 984 256 condit
1001 234 1008 256 ε

54 269 236 303 Plebeium
252 269 290 301 in
307 267 404 301 Circo
421 268 575 311 positum
593 272 644 300 est
662 271 697 300 et
714 268 751 300 in
770 280 895 311 aggere
912 270 1035 302 fatum.

55 316 139 357 Quae
157 315 262 348 nudis
280 314 425 357 longum
442 313 595 347 ostendit
613 313 803 347 cervicibus
820 326 955 357 aurum,

55 361 212 395 Consulit
229 363 312 394 ante
329 359 452 403 phalas
470 359 784 403 delphinorumque
802 360 990 404 columnas,
1114 361 1182 395 590

54 408 112 441 An
130 418 213 450 saga
230 405 398 440 vendenti
415 405 536 448 nubat,
554 417 709 449 caupone
726 406 857 440 relicto.

103 453 168 486 Hae
187 458 305 486 tamen
323 456 357 484 et
374 456 496 495 partus
514 451 664 484 subeunt
682 452 878 496 discrimen,
896 457 930 487 et
948 464 1066 487 omnes

55 499 212 533 Nutricis
230 498 382 532 tolerant
398 497 542 530 fortuna
558 501 705 541 urgente
723 498 856 532 labores
873 511 880 533 :

56 545 123 579 Sed
136 546 233 589 jacet
250 547 372 577 aurato
389 544 450 576 vix
468 544 540 576 ulla
557 555 727 588 puerpera
744 544 843 578 lecto.

57 592 210 625 Tantum
227 594 318 623 artes
336 589 451 633 hujus,
468 593 610 623 tantum
626 590 859 624 medicamina
874 595 1029 636 possunt,

58 637 144 678 Quae
163 637 296 670 steriles
312 636 409 678 facit,
427 640 532 678 atque
549 635 707 668 homines
724 636 762 668 in
779 641 900 670 ventre
918 638 1090 672 necandos

58 683 238 717 Conducit.
289 681 420 723 Gaude,
438 681 573 724 infelix,
591 687 696 725 atque
713 682 787 726 ipse
804 682 994 717 bibendum

59 729 212 772 Porrige,
231 727 401 772 quidquid
419 727 485 760 erit
502 739 508 760 :
533 738 616 760 nam
634 727 662 760 si
679 728 876 762 distendere
894 730 1010 773 vellet,

59 774 106 808 Et
123 786 250 808 vexare
267 777 406 807 uterum
423 773 538 817 pueris
556 773 771 816 salientibus,
790 786 879 808 esses

59 820 236 864 AEthiopis
253 820 398 852 fortasse
416 823 516 863 pater
534 831 540 852 :
565 831 647 852 mox
665 820 801 853 decolor
818 821 916 854 heres
1117 823 1184 855 600

61 866 228 910 Impleret
245 865 391 907 tabulas,
410 876 589 909 nunquam
607 865 671 898 tibi
688 877 791 899 mane
808 867 987 901 videndus.

107 912 257 946 Transeo
276 911 480 955 suppositos,
498 914 534 944 et
550 912 679 955 gaudia
696 917 846 956 votaque
865 924 954 957 saepe

61 958 116 992 Ad
135 969 274 1002 spurcos
292 958 438 1001 decepta
454 957 560 999 lacus,
578 961 682 1001 atque
699 958 781 991 inde
798 959 925 1002 petitos

62 1003 259 1046 Pontifices,
277 1003 395 1045 Salios,
415 1002 621 1036 Scaurorum
638 1004 781 1037 nomina
797 1004 886 1038 falso

63 1050 209 1094 Corpore
226 1049 366 1082 laturos.
416 1048 495 1082 Stat
512 1048 668 1082 Fortuna
684 1049 841 1094 improba
858 1054 964 1084 noctu

62 1096 228 1130 Arridens
246 1095 349 1128 nudis
366 1094 569 1128 infantibus.
620 1095 693 1129 Hos
710 1096 805 1129 fovet
823 1108 940 1130 omnes

64 1141 287 1185 Involvitque
305 1141 383 1173 sinu
401 1152 407 1174 :
433 1140 592 1174 domibus
609 1145 694 1175 tunc
711 1142 859 1186 porrigit
876 1142 957 1176 altis

64 1188 311 1230 Secretumque
329 1186 395 1219 sibi
411 1187 558 1219 mimum
575 1191 686 1231 parat.
736 1188 809 1221 Hos
827 1192 931 1232 amat,
949 1188 1003 1222 his
1022 1199 1057 1222 se

65 1234 211 1277 Ingerit,
228 1237 337 1276 utque
355 1244 432 1265 suos
448 1233 564 1266 ridens
582 1233 743 1277 producit
760 1234 927 1268 alumnos.

112 1279 182 1312 Hic
198 1279 350 1322 magicos
368 1278 468 1311 affert
485 1283 619 1322 cantus,
638 1279 695 1313 hic
713 1280 877 1314 Thessala
894 1281 1016 1314 vendit
1123 1280 1190 1314 610

66 1325 214 1368 Philtra,
232 1324 357 1369 quibus
374 1324 516 1357 valeant
532 1329 687 1358 mentem
703 1337 830 1359 vexare
847 1327 975 1369 mariti,

67 1372 114 1405 Et
132 1370 223 1404 solea
240 1370 378 1415 pulsare
395 1374 504 1403 nates
554 1371 654 1411 Quod
672 1371 809 1415 desipis,
827 1372 909 1405 inde
927 1376 979 1405 est
997 1385 1005 1413 ς

69 1417 156 1451 Inde
173 1417 283 1452 animi
300 1416 422 1458 caligo,
441 1420 476 1449 et
492 1427 621 1459 magna
638 1417 766 1451 oblivio
782 1429 907 1461 rerum,

69 1463 162 1505 Quas
178 1463 280 1496 modo
298 1462 443 1506 gessisti.
492 1462 622 1495 Tamen
640 1463 705 1496 hoc
722 1463 910 1507 tolerabile,
929 1464 958 1497 si
974 1475 1045 1498 non

69 1510 116 1544 Et
134 1509 248 1542 furere
265 1508 423 1552 incipiaS,
441 1512 482 1541 ut
498 1509 693 1542 avunculus
710 1509 770 1543 ille
787 1510 943 1553 Neronis,

71 1555 135 1589 Cui
151 1559 263 1588 totam
279 1554 420 1588 tremuli
437 1554 588 1588 frontem
606 1555 759 1589 Caesonia
775 1556 864 1600 pulli

72 1600 221 1635 Infudit.
270 1600 354 1641 Quae
372 1611 442 1633 non
459 1600 566 1634 faciet
584 1601 676 1645 quod
693 1601 865 1646 Principis
882 1601 997 1636 uxor?

72 1646 253 1680 Ardebant
270 1650 405 1689 cuncta,
423 1650 458 1679 et
474 1647 586 1680 fracta
604 1658 769 1692 compage
785 1648 943 1692 ruebant,

73 1692 152 1726 Non
169 1692 281 1736 aliter,
299 1703 403 1736 quam
421 1692 449 1725 si
466 1692 604 1726 fecisset
621 1693 647 1727 J
650 1705 718 1727 uno
734 1694 900 1728 maritum

74 1737 253 1772 Insanum.
301 1738 421 1772 Minus
439 1749 518 1782 ergo
536 1750 662 1773 nocens
680 1740 745 1773 erit
763 1740 966 1785 Agrippinae
1129 1743 1197 1775 620
