1284 1922
468 221 696 259 SATIRA
735 222 804 258 IV.

76 308 171 343 Eoen
189 309 317 342 iterum
335 306 522 353 Crispinus,
540 312 575 343 et
592 313 644 343 est
659 309 748 342 mihi
766 320 855 352 saepe
872 308 1048 341 vocandus

76 354 132 388 Ad
149 360 274 398 partes,
292 359 485 388 monstrum
502 356 601 388 nulla
618 355 749 388 virtute
765 355 960 387 redemtum

76 400 108 433 A
125 401 230 443 vitiis,
248 412 339 443 aeger
356 401 495 444 solaque
512 401 656 433 libidine
673 400 771 433 sortis
786 412 792 433 :

76 446 227 479 Delicias
244 446 359 479 viduae
377 450 517 479 tantum
534 450 739 489 aspernatur
756 445 902 479 adulter.

77 491 169 531 Quid
186 492 291 524 refert
307 491 427 534 igitur,
446 492 586 535 quantis
599 493 761 534 jumenta
777 491 903 533 fatiget

76 536 281 579 Porticibus,
300 540 431 581 quanta
447 548 628 570 nemorum
645 540 802 570 vectetur
818 536 856 568 111
873 535 1005 578 umbra,

76 582 101 615 J
104 594 211 626 ugera
228 586 312 626 quot
330 582 444 616 vicina
461 583 544 625 foro,
563 593 648 626 quas
666 582 787 615 emerit
804 582 919 614 tedes?
946 605 950 609 -

75 628 185 661 Nemo
201 628 314 661 malus
331 627 427 670 felix,
444 628 587 661 minime
605 631 783 671 corruptor
800 631 834 660 et
852 628 944 660 idem

75 674 244 716 Incestus,
262 685 341 706 cum
359 684 426 716 quo
444 685 555 717 nuper
572 673 700 707 vittata
712 673 851 716 jacebat

74 719 252 762 Sanguine
269 719 383 752 adhuc
400 719 478 752 vivo
496 723 625 752 terram
642 718 800 751 subitura
817 718 980 751 sacerdos.
1150 718 1193 749 10

74 764 141 798 Sed
158 776 251 797 nunc
269 764 311 797 de
327 764 429 797 factis
447 764 631 798 levioribus
645 776 651 797 :
678 768 712 796 et
729 768 848 797 tamen
865 764 953 796 alter

73 810 109 843 Si
127 810 264 843 fecisset
280 810 382 853 idem,
401 810 538 843 caderet
556 810 618 842 sub
631 810 750 852 judice
767 821 911 842 morum.

73 855 165 888 Nam
182 855 273 899 quod
292 859 392 898 turpe
409 856 507 888 bonis
524 856 615 888 Titio
633 855 786 898 Seioque,
805 854 948 888 decebat

74 901 279 944 Crispinum.
329 901 421 941 Quid
439 912 530 943 agas,
549 912 656 943 quum
674 901 749 933 dira
766 904 800 933 et
817 901 939 933 foedior
955 900 1048 933 omni

72 946 224 979 Crimine
240 958 386 989 persona
403 950 454 979 est
469 946 480 979 2
506 946 660 978 Mullum
677 957 737 978 sex
754 946 908 979 millibus
926 946 1020 989 emit,

72 992 285 1035 AEquantem
302 1003 383 1024 sane
401 992 541 1035 paribus
559 991 717 1024 sestertia
733 991 840 1033 libris,

72 1035 105 1070 U
107 1041 121 1070 t
138 1037 323 1081 perhibent
340 1038 401 1081 qui
418 1038 460 1070 de
477 1038 613 1080 magnis
631 1038 761 1080 majora
778 1037 979 1080 loquuntur.

72 1082 262 1115 Consilium
279 1083 385 1116 laudo
403 1083 555 1125 artificis⁷
574 1083 602 1115 si
618 1094 760 1115 munere
778 1086 876 1115 tanto

73 1128 291 1172 Praecipuam
309 1129 345 1161 in
363 1128 492 1161 tabulis
511 1140 623 1161 ceram
638 1128 726 1160 senis
744 1128 890 1160 abstulit
908 1127 990 1162 orbi.

71 1174 133 1207 Est
149 1174 239 1207 ratio
255 1174 407 1216 ulterior,
425 1185 561 1217 magnae
580 1173 607 1205 si
624 1173 719 1206 misit
737 1173 866 1214 amicae,
1145 1176 1189 1207 20

72 1220 156 1260 Quae
175 1219 313 1252 vehitur
331 1220 446 1252 clauso
463 1219 543 1252 latis
562 1219 678 1262 specul
681 1219 796 1251 aribus
814 1223 923 1251 antro.

69 1265 129 1298 Nil
147 1265 217 1298 tale
234 1269 433 1309 exspectes:
459 1265 543 1298 emit
561 1264 634 1297 sibi.
683 1264 799 1297 Multa
815 1264 982 1307 videmus7

71 1311 156 1351 Qu‘e
172 1311 276 1343 miser
294 1315 328 1344 et
345 1311 440 1353 frugi
456 1322 526 1343 non
542 1310 626 1343 fecit
641 1308 794 1353 Apicius
844 1310 919 1342 Hoc
937 1314 987 1352 tu,

69 1356 275 1389 Succinctus
293 1357 407 1400 patria
404 1338 611 1400 ‘’quondam,
629 1355 792 1398 (hispine,
810 1367 941 1398 papyro
957 1359 963 1390 ἔ

68 1402 146 1435 Hoc
163 1402 315 1445 pretium
332 1414 483 1445 squamae
498 1404 505 1436 1
556 1401 676 1434 Potuit
693 1401 836 1434 fortasse
853 1401 994 1433 minoris

68 1447 233 1490 Piscator,
253 1459 357 1491 quam
374 1447 487 1491 piscis⁷
505 1447 582 1480 emi.
631 1446 814 1479 Provincia
831 1447 923 1479 tanti

69 1492 200 1526 Vendit
217 1505 316 1536 agros
331 1505 338 1526 :
364 1493 423 1525 scd
440 1494 585 1544 majores
604 1491 757 1535 Appulia
774 1492 903 1525 vendit.

68 1538 195 1579 Quales
213 1543 297 1572 tunc
314 1538 404 1582 epul
398 1550 434 1571 as
451 1538 565 1581 ipsum
581 1538 727 1581 glutisse
743 1541 906 1581 putemus

67 1584 384 1627 Induperat01·¹*‚em
403 1595 511 1627 quum
528 1587 581 1616 tot
598 1583 764 1625 sesteitia,
782 1587 918 1626 partem

66 1628 200 1672 Exigit
195 1641 242 1662 111
259 1633 293 1662 et
310 1611 454 1662 modic-ze
473 1633 573 1662 sumt·
568 1641 623 1661 am
641 1629 683 1661 de
699 1629 855 1671 margine
873 1640 988 1672 eoenae,
1140 1631 1184 1662 30

68 1673 268 1719 Purpureus
285 1675 404 1719 magni
420 1675 568 1708 iuetarit
585 1686 703 1707 scurra
719 1673 846 1717 Palati,

486 1733 498 1745 ¹
516 1729 753 1762 Endoperatorem
