1284 1922
439 62 608 98 SATIRA
633 62 729 97 XIV.
1083 63 1149 97 107

20 129 142 174 Longa
157 129 223 164 tibi
240 132 318 174 post
334 129 408 164 haec
425 130 500 165 fato
516 130 657 164 meliore
674 129 862 173 dabuntur,

21 175 59 210 Si
76 180 217 210 tantum
234 176 321 209 culti
339 176 429 210 solus
447 176 637 220 possederis
656 176 741 220 agri,

23 222 204 263 Quantum
221 221 285 255 sub
302 221 402 255 Tatio
419 221 568 266 populus
587 222 763 255 Romanus
780 220 911 256 arabat.
1081 223 1148 254 160

21 266 108 300 Mox
126 267 234 301 etiam
250 267 371 301 fractis
389 272 494 301 aetate
510 278 551 301 ac
568 267 704 301 Punica
721 267 830 311 passis

22 312 160 356 Proelia,
178 313 233 347 vel
250 313 426 357 Pyrrhum
442 313 640 355 immanem,
657 313 861 356 gladiosque
878 312 1054 355 Molossos,

22 359 178 392 Tandem
195 369 256 403 pro
273 359 395 392 multis
412 359 472 392 vix
486 360 611 403 jugera
628 358 710 392 bina
727 358 902 392 dabantur

23 404 245 438 Vulneribus.
294 404 427 438 Merces
444 404 518 438 haec
536 405 716 447 sanguinis
733 408 839 448 atque
856 403 983 437 laboris

22 449 139 484 Nullis
156 450 232 483 visa
248 461 403 494 unquam
419 450 552 483 meritis
569 450 691 492 minor,
709 454 772 484 aut
789 450 936 493 ingratae

24 495 132 529 Curta
147 496 232 529 fides
250 496 381 540 patrive.
430 496 617 530 Saturabat
633 496 774 540 glebula
791 496 872 529 talis

24 541 166 575 Patrem
183 542 299 586 ipsum
316 541 524 585 turbamque
541 553 638 584 casae,
657 553 726 586 qua
742 542 815 575 feta
827 540 967 585 jacebat

24 587 131 630 Uxor,
149 591 184 620 et
201 587 354 621 infantes
371 587 540 621 ludebant
557 592 714 631 quatuor,
731 599 822 620 unus

25 633 189 676 Vernula‚
207 636 278 666 tres
296 633 445 666 domini:
471 633 530 666 sed
547 633 683 677 magnis
699 633 866 667 fratribus
882 632 1007 666 horum

27 679 59 712 A
77 678 193 712 scrobe
209 679 266 713 vel
285 679 378 712 sulco
394 678 630 722 redeuntibus,
648 679 758 712 altera
775 690 873 712 coena
1085 678 1150 712 170

26 724 184 769 Amplior
202 728 237 758 et
254 724 402 769 grandes
418 724 603 758 fumabant
620 724 777 769 pultibus
794 725 881 758 ollae.

27 770 132 804 Nunc
149 771 272 804 modus
289 771 346 803 hic
363 771 439 814 agri
455 774 572 804 nostro
589 781 659 803 non
677 770 805 804 sufficit
821 770 930 804 horto.

29 816 117 850 Inde
133 816 205 850 fere
223 816 390 850 scelerum
407 826 540 857 causoe3
564 827 628 849 nec
645 815 747 860 plura
763 827 898 850 venena

28 861 184 905 Miscuit,
201 866 264 896 aut
279 863 370 895 ferro
387 866 564 905 grassatur
581 862 704 906 smpius
721 861 836 895 ullum

30 907 206 941 Humanae
223 908 350 942 mentis
366 908 503 951 vitium,
521 919 625 952 quam
642 919 733 941 saeva
751 908 876 951 cupido

31 953 214 988 Immodici
232 965 371 987 census:
396 965 478 987 nam
496 953 592 987 dives
610 953 671 997 qui
686 953 761 986 fieri
778 953 865 996 vult,

31 999 78 1033 Et
95 999 164 1032 cito
181 999 259 1033 vult
275 999 358 1033 fieri.
408 998 474 1032 Sed
492 1010 566 1043 quae
583 999 778 1033 reverentia
795 999 923 1042 legum,

33 1045 119 1086 Quis
135 1048 250 1078 metus
267 1049 330 1079 aut
347 1044 459 1088 pudor
476 1048 528 1078 est
544 1056 700 1088 unquam
717 1045 933 1089 properantis
950 1044 1069 1078 avari?

34 1094 53 1109 “
65 1091 182 1124 Vivite
199 1090 355 1124 contenti
372 1089 496 1123 casulis
514 1092 548 1122 et
566 1089 711 1123 collibus
729 1094 815 1131 istis,

33 1136 62 1170 Ο
79 1136 179 1180 pueri
194 1135 224 1170 !”
260 1135 397 1169 Marsus
415 1133 552 1168 dicebat
569 1138 604 1167 et
621 1134 794 1167 Hernicus
811 1135 894 1168 oliui
1093 1135 1158 1167 180

33 1181 268 1225 Vestinusque
286 1192 390 1214 senex
407 1192 416 1221 ;
441 1181 459 1198 “
472 1191 597 1224 panem
614 1191 810 1223 quaeramus
828 1187 953 1216 aratro,

36 1227 105 1269 Qui
121 1227 205 1261 satis
222 1231 274 1261 est
290 1226 435 1260 mensis:
460 1226 607 1259 laudant
623 1225 688 1259 hoc
705 1225 851 1258 numina
866 1225 966 1267 ruris,

37 1273 192 1314 Quorum
209 1284 272 1317 ope
290 1277 325 1307 et
341 1272 474 1306 auxilio
491 1275 600 1315 gratae
618 1275 696 1315 post
711 1282 840 1304 munus
857 1271 973 1304 aristae

37 1319 254 1362 Contingunt
271 1318 405 1352 homini
422 1317 548 1351 veteris
564 1317 707 1351 fastidia
723 1328 876 1360 quercus.

36 1364 97 1398 Nil
114 1365 263 1399 vetitum
280 1364 401 1397 fecisse
418 1363 519 1405 volet,
538 1374 640 1406 quem
657 1373 727 1395 non
743 1362 854 1405 pudet
870 1361 941 1394 alto

38 1409 105 1443 Per
121 1410 269 1453 glaciem
286 1420 412 1454 perone
429 1409 502 1452 tegi
512 1421 521 1449 ;
546 1408 605 1451 qui
623 1410 816 1440 summovet
834 1407 943 1440 Euros

38 1455 192 1489 Pellibus
209 1455 363 1489 inversis.
412 1453 599 1497 Peregrina
615 1453 804 1496 ignotaque
821 1452 919 1485 nobis

39 1502 95 1536 Ad
112 1501 222 1535 scelus
239 1505 344 1545 atque
360 1500 467 1542 nefas,
486 1509 702 1543 quaecunque
719 1503 780 1541 est,
798 1509 953 1542 purpura
971 1498 1146 1532 ducit?—

87 1547 174 1580 Haec
190 1547 243 1580 illi
260 1551 392 1581 veteres
409 1549 583 1589 praccepta
598 1544 807 1578 minoribus:
833 1548 870 1577 at
886 1555 980 1577 nunc

40 1592 124 1627 Post
141 1593 245 1626 finem
262 1592 424 1626 autumni
440 1590 555 1624 media
572 1590 615 1623 <le
631 1593 732 1623 nocte
749 1589 912 1633 supinum
1096 1590 1161 1622 190

42 1639 219 1672 Clamosus
231 1639 397 1682 juvenem
414 1640 514 1681 pater
531 1636 680 1670 excitat:
710 1638 730 1656 “
743 1637 873 1680 Accipe
890 1647 993 1678 ceraS,

42 1684 169 1727 Scribe,
187 1695 283 1728 puer,
301 1683 418 1727 vigila,
436 1693 557 1715 causas
574 1692 648 1725 age,
665 1681 802 1725 perlege
818 1680 939 1715 rubras

44 1729 219 1774 Majorum
235 1729 337 1773 leges,
354 1732 417 1763 aut
434 1728 541 1762 vitem
558 1738 659 1772 posce
675 1726 800 1761 libello.
