1284 1922
133 69 199 101 122
611 64 770 100 PERSII

132 132 380 168 Praetulerint?
425 131 548 176 Nugae.
597 132 686 172 Non,
705 132 733 164 si
749 130 834 174 quid
851 130 990 164 turbida
1007 131 1114 165 Roma

131 181 264 223 Elevet,
282 179 435 222 accedas,
453 189 642 213 examenve
658 177 854 222 improbum
864 176 902 209 in
918 177 982 211 illa

133 226 288 269 Castiges
304 225 457 265 trutina3
481 236 545 258 nec
562 228 597 258 te
614 223 813 267 quaesiveris
831 225 948 257 extra!

132 273 225 306 Nam
242 272 359 305 Romae
377 271 454 315 quis
470 282 541 304 non
558 297 565 304 .
584 296 591 304 .
609 270 640 304 ‚2
666 272 713 312 at,
727 269 772 302 sif
786 269 839 302 fas
857 267 967 300 dicere
985 292 992 300 .
1009 291 1018 300 .
1035 292 1043 301 .
1058 267 1065 301 Ξ
1115 266 1181 300 Sed
1198 267 1249 300 fas

132 318 240 361 Tunc,
259 329 369 362 quum
384 317 429 351 ad
447 316 611 350 canitiem
627 319 663 349 et
679 318 837 348 nostrum
852 314 948 347 istud
965 313 1080 347 vivere
1096 313 1197 347 triste

132 364 274 408 Aspexi,
291 374 332 397 ac
348 362 518 396 nucibusg
534 362 681 395 facimus
700 371 916 404 quaecunque
931 359 1072 403 relictis,
1207 360 1250 392 10

134 410 251 451 Quum
268 409 422 453 sapimus
439 412 600 453 patruos;
625 411 720 449 tunc,
738 410 823 440 tunc
839 405 1019 449 ignoscite.
1068 404 1174 438 Nolo:

135 455 245 499 (Quid
261 455 389 488 faciam
399 454 427 498 2)
454 454 513 488 sed
532 465 608 486 sum
625 452 802 497 petulanti
819 451 937 495 splene
955 451 1134 484 caehinno.

181 501 381 544 Scribimus,
398 501 552 533 inclusus
569 509 730 532 numeros
746 497 816 541 isse,
833 497 914 530 hic¹¹
932 496 1019 541 pede
1035 496 1131 538 liber,

135 547 274 580 Grande
290 546 434 590 aliquid,
452 545 544 590 quod
561 545 680 589 pulmo
697 544 823 578 animae
840 542 1031 587 praelargus
1048 542 1198 576 anhelet.

135 593 275 626 Scilicet
291 593 365 625 haec
382 591 520 636 populo,
538 601 716 635 pexusque
731 593 882 633 togaque
898 588 1030 622 recenti

135 639 182 672 Et
198 638 362 672 natalitia
378 637 522 671 tandem
539 648 619 670 cum
636 635 849 679 sardonyche
866 633 975 677 albus,

136 685 223 718 Sede
239 683 349 728 legati
366 684 466 726 celsa,
483 683 617 726 liquido
635 693 742 726 quum
758 681 929 725 plasmate
945 683 1070 724 guttur

135 730 265 764 Mobile
283 730 464 763 collueritk
480 728 637 774 patranti
652 728 785 761 fractus
802 726 918 760 ocello.

136 777 206 810 Hic
222 775 349 820 neque¹
365 787 459 809 more
476 775 581 819 probo
598 774 716 808 videas
732 784 796 807 nec
813 783 896 806 voce
913 783 1033 806 serena

138 823 304 866 Ingentes
321 821 495 865 trepidare
512 821 616 863 Titos,
634 831 743 863 quum
760 818 915 852 carmina
930 817 1090 851 lumbum
1206 819 1253 850 20

138 869 288 911 Intrant,
306 871 341 901 et
358 867 507 901 tremulo
525 866 730 910 scalpuntur
746 868 787 898 ut
803 864 961 898 intimam
978 875 1090 897 versu.

137 913 234 955 Tun,’
252 913 378 956 vetule,
396 913 562 946 auriculis
579 911 701 945 alienis
719 910 853 954 colligis
871 909 988 943 escas?

138 959 324 1001 Auricuhs,
343 959 467 1001 quibus
485 962 520 992 et
537 958 631 991 dicas
648 960 728 990 cute
744 956 911 1000 perditus,
929 955 994 989 ohe
1005 956 1062 989 !—

138 1005 213 1046 Quo
231 1005 400 1046 didicisse,
419 1005 487 1038 nisi
504 1005 568 1038 hoc
584 1005 791 1037 fermentum
807 1006 842 1037 et
860 1014 935 1046 quae
953 1001 1056 1035 semel
1073 1000 1168 1034 intus

139 1051 265 1084 Innata
281 1054 342 1093 est,
359 1054 462 1095 rupto
475 1052 599 1094 jecore,
615 1050 739 1084 exierit
756 1049 937 1092 caprificus
951 1048 964 1081 ’.ἰ

140 1097 236 1130 Hinc
253 1097 363 1141 pallor
371 1106 394 1138 ¹¹,
413 1097 614 1139 seniumque
630 1095 714 1131 !-O
731 1106 841 1128 mores
857 1097 862 1128 !
890 1105 999 1137 usque
1015 1092 1145 1126 adeone

141 1142 234 1175 Scire
251 1145 353 1174 tuum
370 1141 460 1173 nihil
477 1145 539 1183 est,
556 1141 624 1173 nisi
640 1144 675 1173 te
692 1140 777 1173 scire
794 1140 858 1172 hoc
875 1139 962 1172 sciat
979 1139 1067 1172 alter
1081 1139 1093 1172 ’.ἱ

141 1188 160 1204 “
173 1188 222 1220 At
238 1187 425 1231 pulchrum
442 1190 494 1220 est
511 1187 642 1230 digito⁰
658 1185 843 1219 monstrari
860 1189 895 1218 et
912 1185 1029 1229 dicier,
1045 1185 1104 1218 hic
1121 1186 1193 1219 est!

141 1232 223 1266 'sen'
242 1233 447 1265 cirratorum
464 1236 605 1265 centum
623 1232 756 1264 dictata
771 1231 878 1264 fuisse

142 1279 208 1312 Pro
225 1278 335 1311 nihilo
353 1277 504 1322 pendasp
516 1277 551 1312 2³³
592 1277 680 1311 Ecce
696 1278 785 1310 inter
801 1276 925 1320 pocula
941 1279 1101 1319 quaerunt
1209 1277 1254 1309 30

143 1324 337 1357 Romulidae
355 1324 473 1366 saturi,
492 1323 575 1367 quid
593 1323 650 1356 dia
667 1326 827 1367 poemata
843 1326 994 1356 narrent.

143 1370 212 1403 Hic
229 1369 364 1413 aliquiS,
383 1370 440 1403 cui
457 1369 587 1402 circum
604 1369 764 1401 humeros
782 1367 1020 1411 tyrianthjnaq
1037 1367 1128 1401 laena
1140 1370 1202 1411 est,

143 1415 378 1449 Rancidulum
395 1415 562 1459 quiddam
578 1414 681 1448 balba
698 1414 739 1447 de
757 1425 840 1447 nare
856 1413 1030 1457 loquutus,

142 1461 332 1505 Phyllidas,
350 1461 573 1505 Hypsipylae,
591 1464 713 1494 vatum
731 1463 765 1493 et
781 1459 948 1502 plorabile
965 1459 994 1492 si
1011 1459 1105 1503 quid,

142 1508 294 1552 Eliquat,
313 1519 352 1541 ac
370 1511 487 1540 tenero
506 1507 709 1551 supplantat
726 1505 830 1538 verba
846 1505 972 1549 palato.

142 1555 325 1587 Assensere
343 1553 417 1587 viri.
466 1553 569 1586 Nunc
586 1564 655 1586 non
673 1552 758 1585 cinis
776 1551 834 1584 ille
851 1555 961 1595 poetae

142 1599 170 1632 F
174 1599 266 1633 elix?
291 1611 361 1633 non
376 1599 484 1633 levior
500 1599 621 1643 cippus
638 1610 732 1632 nunc
748 1597 917 1642 imprimit
934 1595 1031 1630 ossa?

144 1678 150 1694 ¹
171 1678 264 1703 Romae
280 1682 320 1702 est
335 1697 340 1703 .
353 1697 358 1702 .
368 1696 374 1703 .
384 1687 416 1703 ac
427 1678 450 1703 si
465 1696 471 1702 .
482 1696 488 1702 .
500 1697 506 1702 .
516 1678 552 1702 ah
566 1678 588 1701 si
653 1680 666 1698 ὅ
685 1681 712 1701 et
725 1685 787 1702 nuc.
845 1675 857 1691 ι’
874 1676 983 1707 inclusi,
998 1683 1124 1701 numeros
1137 1671 1195 1703 ille,
1209 1671 1254 1700 hie

143 1720 150 1732 ¹
169 1715 263 1748 legens
294 1716 378 1748 leges.
488 1716 498 1732 k
518 1715 643 1739 collueris
750 1712 757 1730 ¹
777 1714 852 1738 Tunc
866 1721 955 1744 neque
1059 1715 1078 1727 ¹²²
1097 1713 1144 1736 ubi
1158 1712 1255 1736 intima

145 1754 156 1767 ¹
174 1752 219 1776 En
233 1752 320 1784 pallor
424 1753 436 1766 ⁰
456 1752 581 1784 pulcrum
595 1752 680 1785 digito
803 1753 814 1770 P
835 1750 936 1782 pendes
1042 1751 1056 1769 ³
1074 1749 1255 1780 hyacinthina
