1284 1922
507 57 678 91 SATIRA
697 56 737 89 V.
1114 54 1177 88 137

56 126 91 160 N
92 137 130 160 ec
147 125 262 170 glutto
281 125 414 159 sorbere
432 125 577 159 salivam
594 125 671 158 Mei
673 122 861 157 curialem?

104 173 122 189 “
137 173 222 205 Haec
238 183 316 205 mea
333 176 424 214 sunt,
441 170 574 213 teneo,’'
589 182 697 214 quum
714 181 793 203 vere
810 168 948 211 dixeris,
967 171 1040 201 esto

56 217 226 262 Liberque
243 229 282 251 ac
300 218 435 261 sapiens
452 217 657 261 praetoribus
675 219 710 249 et
727 215 815 249 Jove
823 223 834 240 ¹¹
853 215 994 248 dextro:

57 263 119 297 Sin
136 267 187 306 tu,
207 274 316 306 quum
331 263 439 296 fueris
456 267 583 296 nostrae
601 262 704 306 paulo
721 265 805 294 ante
821 260 955 304 farinae,

56 308 264 342 Pelliculam
281 312 434 342 veterem
450 309 588 350 retines,
607 311 642 340 et
659 308 772 340 fronte
790 307 918 350 politus

55 355 221 388 Astutam
238 355 364 398 vapido
382 366 496 387 servas
514 354 577 387 sub
595 358 754 397 pectorer
771 352 932 396 vulpem:

59 400 142 441 Quae
160 400 322 433 dederam
339 411 452 444 supra,
469 403 598 444 repeto,
615 399 804 442 funemque
820 398 965 431 reduco:

53 445 87 479 N
90 446 120 479 is
137 446 202 479 tibi
219 446 386 479 concessit
402 446 500 488 ratio,
519 445 669 489 digitum
687 455 814 487 exsere,
832 455 970 487 peccas:

54 491 102 524 Et
120 492 204 535 quid
221 496 295 525 tam
312 492 498 535 parvuthl
525 491 591 525 Sed
608 490 704 524 nullo
721 490 824 523 thure
842 489 969 533 litabis,
1112 491 1178 522 120

55 537 201 570 Haereat
217 538 253 570 in
273 537 391 570 stultis
408 537 523 571 brevis
540 540 580 570 ut
597 536 772 570 semuncia
788 535 884 569 recti.

55 582 142 616 Haec
159 583 302 616 miscere
319 583 436 624 nefas,
429 595 436 602 ·
458 594 532 626 nec,
550 594 657 626 quum
675 582 719 615 sis
737 585 851 615 cetera
868 581 984 622 fossor,

54 629 137 662 Tres
154 633 294 662 tantum
312 629 356 662 ad
373 640 533 662 numeros
551 632 731 672 satyrumu
748 638 906 660 moveare
924 607 1091 670 Bathylli.

55 674 74 691 ‘⁶
87 675 191 708 Liber
208 686 280 718 ego.
282 674 302 689 ''
336 674 438 708 Unde
455 675 578 708 datum
595 675 659 707 hoc
677 673 792 715 sumis,
811 677 863 706 tot
881 672 1019 705 subdite
1035 672 1161 706 rebus?

54 720 111 753 An
129 720 336 754 (1011111111111”
327 732 474 764 lgnoras,
491 721 559 753 nisi
576 731 679 764 quem
695 700 852 752 vindicta
868 717 1029 751 relaxat?

55 765 74 799 I
91 777 187 810 puer,
205 770 240 799 et
258 767 408 810 stiigiles
426 766 574 810 Crispini
591 766 636 799 ad
653 765 777 799 balnea
795 765 899 807 defer,

55 811 92 845 Si
109 812 294 856 increpuit,
313 823 422 846 cessas
439 811 612 855 nugator?
638 811 819 845 servitium
836 821 914 844 acre

54 857 103 890 Te
120 858 209 890 nihil
227 858 387 902 impellit,
405 869 469 891 nec
487 858 673 901 quicquam
690 857 905 891 extrinsecus
923 856 1043 898 intrat,

55 903 155 944 Quod
172 915 293 937 nervos
311 904 437 947 agitet:
464 904 523 937 sed
541 904 568 936 si
585 904 681 936 intus
699 907 734 936 et
751 903 788 935 in
800 904 915 946 jecore
934 913 1025 946 aegro

54 948 280 982 Nascunturx
296 949 437 991 domini,
449 949 509 993 qui
525 953 566 982 tu
582 949 787 993 impunitior
803 949 877 981 exis
1110 950 1178 981 130

55 996 171 1038 Atque
188 995 254 1037 hie,
269 1007 373 1039 quem
389 995 434 1028 ad
452 995 601 1038 strigiles
619 995 750 1027 scutica
764 998 798 1027 et
815 998 928 1027 metus
946 993 1018 1037 egit
1035 993 1177 1027 herilis?

101 1040 208 1074 Mane
225 1041 323 1084 piger
340 1041 466 1074 stertis,
507 1041 627 1084 Surge,
645 1041 761 1084 inquit
778 1040 957 1080 Avaritia3
982 1039 1062 1072 heia

55 1085 174 1130 Surge.
207 1087 332 1130 Negas,
349 1087 468 1129 instat,
487 1086 605 1130 Surge,
623 1086 748 1130 inquit.
778 1086 887 1119 “Non
906 1084 1023 1129 queo.”
1057 1085 1177 1129 Surge.

56 1132 75 1149 “
89 1132 134 1165 Et
151 1132 235 1176 quid
252 1132 405 1176 agam2”
439 1132 606 1175 Rogitas2
632 1132 793 1175 saperdas
811 1131 944 1164 advehe
961 1131 1083 1174 Ponto,

56 1177 267 1220 castoreum,
285 1183 438 1222 stuppaS,
457 1178 639 1219 hebenum,
657 1178 750 1220 thus,
768 1177 901 1211 lubrica
919 1177 987 1210 Coa
997 1189 1006 1218 ς

56 1223 152 1257 Tolle
168 1235 286 1256 recens
303 1225 434 1277 primus
451 1225 551 1268 piper
567 1230 608 1256 ey
625 1223 765 1256 sitiente
782 1223 922 1257 camelo.

55 1268 161 1303 Verte
178 1269 330 1313 aliquid;
350 1271 441 1313 jura.
482 1271 500 1287 “
512 1270 579 1303 Sed
596 1269 740 1313 Jupiter
755 1269 884 1303 audiet.
888 1269 907 1283 ”
948 1268 1067 1304 Eheu!

61 1314 184 1358 Varoz,
202 1319 421 1358 regustatum
438 1315 549 1359 digito
566 1315 738 1348 terebrare
756 1315 907 1348 salinum

55 1360 247 1394 Contentus
264 1372 417 1404 perages,
436 1361 465 1394 si
481 1361 597 1394 vivere
615 1372 695 1393 cum
713 1361 803 1393 Jove
819 1361 944 1393 tendis.

55 1407 81 1440 J
83 1418 139 1439 ’1111
156 1414 262 1450 puer'¹
278 1407 307 1439 it
324 1407 450 1450 pellem
468 1407 664 1440 succinctus
681 1409 717 1439 et
734 1406 960 1450 oenophorum
977 1408 1090 1449 aptus.
1110 1408 1176 1439 140

56 1452 160 1485 Ocius
177 1452 222 1485 ad
239 1455 382 1487 navem!
425 1452 523 1484 Nihil
541 1452 665 1494 obstat,
683 1453 769 1496 quin
786 1452 883 1486 trabe
900 1456 1000 1486 vasta

55 1498 218 1541 AEgaeum
234 1498 359 1541 rapias,
376 1498 445 1530 nisi
462 1498 579 1530 sollers
596 1498 738 1531 luxuria
755 1502 837 1531 ante

55 1543 246 1577 Seductum
263 1548 420 1577 moneat:
448 1543 523 1584 Quo
541 1544 676 1587 deinde,
694 1544 824 1586 insane,
842 1543 936 1577 ruis?
962 1543 1054 1588 quo?

56 1589 148 1630 Quid
165 1588 232 1622 tibi
248 1589 323 1622 vis?
349 1589 461 1622 calido
479 1589 542 1622 sub
559 1593 697 1633 pectore
713 1590 869 1623 mascula
886 1589 965 1623 bilis

56 1635 244 1678 Intumuit,
261 1646 367 1679 quam
383 1646 454 1668 non
471 1635 664 1668 extinxerit
682 1647 770 1669 urna
786 1636 918 1670 cicutae.

94 1714 106 1731 ⁴
122 1718 154 1734 ac
167 1709 236 1734 Jove
330 1717 338 1728 ¹
357 1710 385 1734 in
398 1713 470 1743 pect.
565 1714 574 1726 ·
594 1711 641 1735 Nil
765 1711 774 1728 t
793 1719 909 1743 parvum
923 1713 964 1736 est
1050 1718 1061 1730 υ
1081 1711 1167 1743 satyri

95 1748 108 1761 ¹
123 1751 272 1771 nascantur
284 1747 350 1779 quin
425 1754 435 1771 Υ
455 1750 482 1772 et
561 1752 570 1764 ⁸
585 1747 666 1779 Bam,
764 1751 777 1764 ¹
795 1748 886 1780 pueris
903 1766 910 1773 .
923 1766 930 1773 .
943 1766 950 1773 .
964 1751 1042 1781 aptas
