1284 1922
414 63 584 98 SATIRA
611 64 661 98 XI
669 64 705 98 V.
1080 69 1144 99 109

27 119 95 165 [Et
112 125 172 170 qui
189 137 251 170 per
267 126 406 160 fraudes
423 128 633 172 patrimonia
650 128 912 175 conduplicare]

25 171 96 205 Dat
114 171 321 216 libertatem,
339 176 375 206 et
392 177 483 207 totas
501 173 650 208 effundit
666 174 820 209 habenas
1076 177 1144 209 230

26 217 223 252 Curriculo:
248 229 350 262 quem
367 219 397 252 si
412 230 560 262 revoceS,
574 220 760 254 subsistere
777 221 897 265 nescit,

25 262 73 297 Et
90 266 125 297 te
141 267 316 298 contemto
332 265 467 309 rapitur
483 266 654 310 metisque
670 266 810 300 relictis.

24 307 136 342 Nemo
153 309 236 343 satis
253 310 364 344 credit
381 314 520 344 tantum
537 311 746 355 delinquere,
764 315 937 356 quantum

25 353 231 389 Permittas:
257 356 343 390 adeo
359 356 546 400 indulgent
563 356 629 391 sibi
646 358 752 391 latius
768 358 844 402 ipsi.

26 399 142 441 Quum
159 401 245 435 dicis
257 402 390 445 juveni,
409 403 567 445 stultum,
586 403 647 448 qui
664 403 769 438 donet
786 404 906 447 amico,

26 445 94 487 Qui
111 452 354 491 paupertatem
371 448 464 482 levet
481 449 690 493 attollatque
707 450 894 495 propinqui
903 463 913 493 ;

24 491 73 525 Et
90 492 237 536 spoliare
255 493 354 528 doces
371 498 407 528 et
421 494 701 529 circumscribere
718 499 754 529 et
771 497 866 530 omni

27 537 178 572 Crimine
196 539 337 573 divitias
354 541 541 584 acquirere,
558 552 706 585 quarum
723 553 820 575 amor
836 536 935 585 in⁶te,

27 583 187 625 Quantus
205 589 279 619 erat
295 586 419 630 patriae
437 586 624 620 Deciorum
640 587 678 620 in
695 592 843 632 pectore,
861 591 1035 632 quantum

25 629 161 663 Dilexit
178 631 322 673 Thebas,
337 632 365 665 si
384 632 517 666 Graecia
534 644 624 675 vera,
642 632 858 668 Menoeceus:
1076 635 1144 667 240

26 675 70 709 In
87 687 234 720 quorum
252 677 356 711 sulcis
373 677 525 721 legiones
542 678 706 712 dentibus
722 679 848 723 anguis

27 721 113 755 Cum
130 722 260 766 clypeis
277 728 479 767 nascuntur,
497 728 532 757 et
549 724 689 758 horrida
706 723 797 758 bella
814 728 1000 769 capessunt

27 767 210 811 Continuo,
229 772 398 813 tanquam
415 774 449 803 et
467 769 609 803 tubicen
626 771 816 805 surrexerit
832 782 912 805 una.

25 812 119 857 Ergo
136 813 262 857 ignem,
281 816 380 859 cujus
397 815 566 849 scintillas
583 816 657 860 ipse
674 816 811 859 dedisti,

26 857 253 903 Flagrantem
269 860 340 895 late
357 865 393 895 et
409 862 603 906 rapientem
620 866 746 896 cuncta
762 862 903 896 videbis.

26 904 100 938 Nec
118 905 183 939 tibi
199 911 362 950 parcetur
378 907 512 950 misero,
530 908 776 951 trepidumque
792 909 1001 952 magistrum

27 950 72 984 In
89 962 194 985 cavea
211 964 337 996 magno
355 953 499 986 fremitu
515 953 567 986 leo
585 953 685 987 tollet
701 954 875 988 alumnus.

73 998 107 1031 N
109 1001 166 1031 ota
182 999 439 1032 mathematicis
456 999 590 1042 genesis
607 1003 687 1033 tua:
712 1000 771 1033 sed
788 1011 894 1043 grave
910 1000 1028 1034 tardas

27 1042 240 1088 Exspectare
257 1045 361 1079 colus.
409 1044 568 1078 Mol-ieris
585 1045 733 1079 stamine
750 1046 906 1079 nondum

27 1089 197 1134 Abrupto.
244 1090 270 1124 J
272 1102 328 1124 am
345 1102 439 1124 nunc
456 1091 571 1124 obstas
588 1095 623 1125 et
640 1095 721 1125 vota
736 1092 890 1135 moraris,
1078 1093 1145 1125 250

28 1136 54 1169 J
56 1147 112 1169 am
130 1140 268 1180 torquet
279 1137 445 1180 juvenem
462 1136 566 1180 longa
583 1141 618 1171 et
635 1137 774 1170 cervina
791 1141 959 1170 senectus.

29 1181 134 1215 Ocius
151 1181 372 1226 Archigenen
389 1194 505 1226 quaere
521 1188 628 1226 atque
644 1194 718 1216 eme
736 1183 827 1227 quod
843 1183 1068 1216 Mithridates

30 1227 240 1272 Composuit,
258 1229 287 1262 si
303 1228 354 1262 vis
371 1228 478 1262 aliam
495 1229 676 1273 decerpere
693 1228 798 1262 ficum

27 1274 146 1317 Atque
162 1273 248 1307 alias
265 1278 416 1308 tractare
432 1286 534 1308 rosas.
582 1274 804 1308 Medicamen
820 1273 1020 1308 habendum
1037 1278 1100 1318 est,

29 1319 171 1354 Sorbere
188 1323 270 1354 ante
287 1319 404 1353 cibum
421 1320 512 1364 quod
529 1320 653 1354 debeat
670 1325 705 1353 et
721 1325 821 1364 pater
838 1324 873 1353 et
889 1332 960 1354 rex.

75 1365 232 1399 Monstro
249 1365 467 1410 voluptatem
483 1366 667 1410 egregiam,
685 1366 743 1398 cui
760 1366 859 1399 nulla
875 1366 1024 1409 theatra,

28 1410 138 1445 Nulla
155 1423 291 1456 aequare
307 1423 413 1456 queas
430 1412 586 1456 praetoris
602 1411 742 1456 pulpita
757 1411 857 1454 lauti,

29 1457 67 1492 Si
84 1462 226 1502 spectes,
243 1462 373 1502 quanto
391 1458 515 1501 capitis
532 1457 730 1491 discrimine
747 1460 906 1491 constent

31 1503 251 1537 Incrementa
268 1503 399 1546 domus,
418 1508 525 1537 aerata
541 1503 673 1536 multus
690 1503 728 1536 in
744 1514 824 1536 arca

31 1549 161 1592 Fiscus,
179 1554 214 1583 et
231 1549 276 1583 ad
292 1549 434 1592 vigilem
452 1549 604 1594 ponendi
622 1549 760 1583 Castora
777 1548 922 1592 nummi,
1078 1550 1146 1582 270

31 1595 86 1628 Ex
103 1606 171 1639 quo
189 1595 284 1628 Mars
300 1595 402 1628 Ultor
418 1595 555 1638 galeam
572 1606 707 1639 quoque
724 1595 884 1639 perdidit,
903 1598 938 1628 et
955 1606 1008 1628 res

31 1641 63 1674 N
67 1652 110 1674 on
128 1641 244 1685 potuit
261 1652 395 1674 servare
412 1652 500 1674 suas.
549 1641 640 1684 Ergo
657 1641 772 1674 omnia
790 1640 816 1673 F
820 1640 900 1674 lorae

33 1686 80 1720 Et
97 1686 227 1720 Cereris
244 1686 325 1720 licet
341 1691 377 1720 et
394 1686 536 1730 Cybeles
552 1686 663 1720 aulaea
678 1686 870 1731 relinquas:

32 1732 144 1766 Tanto
161 1733 306 1777 majores
322 1732 477 1767 humana
492 1732 633 1777 negotia
649 1732 733 1766 ludi.
