1284 1922
497 49 667 83 SATIRA
693 49 753 83 IX.
1123 49 1167 83 73

57 113 238 149 stantibus
255 117 290 148 et
307 114 410 148 salvis
427 115 480 147 his
497 115 662 155 collibus;
687 115 841 158 undique
858 114 903 148 ad
920 114 997 148 illos

57 161 270 194 Convenient
287 165 322 194 et
338 161 511 204 carpentis
528 164 563 193 et
579 160 725 193 navibus
743 171 868 203 omneS‚

58 206 125 247 Qui
143 206 252 249 digito
270 206 431 249 scalpunt
448 217 518 239 uno
535 210 650 249 caput.
693 206 814 239 Altera
830 207 941 249 major

56 251 140 294 Spes
157 255 328 295 superest:
354 255 393 284 tu
411 255 552 284 tantum
565 251 677 284 erucis
694 251 853 293 imprime
870 252 1066 284 dentem.—

61 302 82 316 “
97 299 181 332 Haec
198 297 358 341 exempla
374 307 457 338 para.
474 296 631 329 felicibus
646 308 652 329 :
678 301 714 329 at
732 307 808 328 mea
825 296 946 330 Clotho

56 341 102 374 Et
119 341 278 374 Lachesis
295 341 459 384 gaudent,
477 341 506 373 si
522 341 677 385 pascitur
693 342 838 384 inguine
856 346 985 375 venter.

57 386 85 420 O
103 386 200 430 parvi
218 387 395 430 nostrique
411 386 509 428 lares,
527 397 612 429 quos
629 386 731 419 thure
748 387 886 420 minuto

56 432 130 465 Aut
146 432 236 465 farre
254 436 288 465 et
302 431 400 464 tenui
417 431 506 464 soleo
524 442 664 465 exorare
681 443 815 475 corona,

58 477 203 518 Quando
220 488 283 521 ego
299 477 406 520 figam
422 476 564 520 aliquid,
582 488 648 520 quo
667 477 712 510 sit
727 478 816 510 mihi
832 480 912 511 tuta
929 481 1086 511 senectus

56 523 87 555 A
104 526 219 566 tegete
236 526 271 556 et
288 522 435 555 baculo?
462 522 588 565 viginti
605 523 717 555 millia
732 523 834 556 fenus
1108 525 1172 556 140

57 568 264 611 Pignoribus
281 568 412 611 positis,
429 567 566 610 argenti
582 568 723 601 vascula
740 569 829 612 puri,

57 612 125 647 Sed
143 624 220 657 quae
238 613 419 646 Fabricius
437 613 563 646 Censor
578 617 686 655 notet,
705 617 739 647 et
757 614 825 647 duo
843 614 948 647 fortes

57 658 109 692 De
126 670 229 702 grege
247 658 444 701 Moesorum,
461 658 521 702 qui
536 670 592 691 me
610 659 740 692 cervice
757 659 871 693 locata

57 704 226 738 Securum
237 703 386 747 jubeant
403 704 551 737 clamoso
568 704 726 737 insistere
743 705 840 737 Circo
854 705 866 738 2

58 749 112 783 Sit
128 749 215 782 mihi
232 753 399 793 praeterea
416 760 543 782 curvus
560 749 700 782 caelator
716 753 751 782 et
768 750 865 791 alter,

59 795 128 836 Qui
144 795 273 828 multas
289 795 394 828 facies
411 792 537 838 fingat‘
552 795 621 828 cito
635 807 642 828 ε
668 795 846 829 sufficiunt
863 796 946 837 haec,

60 840 206 881 Quando
223 851 285 883 ego
302 851 434 884 pauper
450 851 515 874 ero.
557 840 687 874 Votum
703 841 907 884 miserabile,
925 853 988 875 nec
1006 853 1082 887 spes

60 886 126 920 His
143 886 286 919 saltem:
311 897 403 928 nam,
420 897 528 930 quum
544 897 605 930 pro
621 897 676 919 me
695 886 850 920 Fortuna
865 891 1017 932 rogatur,

59 931 184 965 Affixit
201 943 294 965 ceras
311 931 373 964 illa
389 931 432 964 de
448 943 536 964 nave
553 932 692 975 petitas,

61 976 145 1019 Quae
162 976 294 1011 Siculos
311 980 435 1011 cantus
452 977 577 1021 effugit
593 978 725 1021 remige
742 975 878 1012 surdo?
1110 980 1175 1012 150

476 1054 487 1073 f
504 1057 584 1090 fingit
611 1057 707 1091 pingat
