1284 1922
493 43 664 77 SATIRA
689 43 749 78 XI.

64 110 132 152 Qui
149 110 318 154 meminit,
337 111 458 145 calidae
477 112 590 156 sapiat
608 112 692 156 quid
709 112 815 146 vulva
831 111 978 157 popinae.

63 156 153 190 Sicci
171 161 269 200 terga
286 157 365 200 suis,
382 169 461 191 rara
479 158 668 201 pendentia
685 162 788 200 crate,

62 201 170 236 Moris
188 207 262 236 erat
280 203 456 246 quondam
473 204 570 236 festis
588 214 722 237 servare
741 203 860 237 diebus

62 247 110 281 Et
126 249 333 282 natalicium
350 249 506 292 cognatis
525 260 650 292 ponere
667 249 814 292 lardum,

63 294 259 327 Aeeedente
276 306 374 336 nova,
393 295 421 327 si
438 306 544 338 quam
561 294 667 328 dabat
684 295 806 337 hostia,
825 307 936 329 carne.

64 339 297 382 Cognatorum
315 340 441 384 aliquis
459 341 564 373 titulo
582 344 634 373 ter
651 341 801 374 consulis
819 345 924 385 atque

64 385 262 418 Castrorum
278 386 431 430 imperiis
449 390 484 419 et
501 386 680 419 dictatoris
697 386 824 419 honore

63 430 231 474 Functus,
248 431 293 464 ad
310 432 373 465 has
391 432 511 475 epulas
529 432 629 465 solito
645 432 818 465 maturius
835 432 918 475 ibat,

63 476 230 510 Erectum
247 477 378 511 domito
394 478 545 511 referens
563 490 583 511 a
599 482 717 511 monte
734 478 894 521 ligonem.

66 522 182 563 Quum
199 527 388 556 tremerent
405 527 522 556 autem
541 523 664 557 Fabios
682 524 877 568 durumque
895 523 1062 557 Catonem

64 567 111 601 Et
129 568 274 602 Scauros
291 573 326 602 et
344 569 530 612 Fabricios,
547 573 719 613 postremo
737 581 870 603 severos

66 613 223 647 Censoris
241 626 351 648 mores
369 615 477 648 etiam
494 615 626 658 collega
643 616 781 648 timeret
797 628 802 648 :

64 659 175 693 Nemo
192 660 285 693 inter
301 673 401 694 curas
420 665 455 694 et
472 661 559 694 seria
577 662 681 694 duxit
698 661 907 704 habendum,

67 706 187 746 Qualis
204 706 241 738 in
260 706 388 740 Oceani
406 706 518 740 fluctu
536 707 674 740 testudo
691 711 838 749 nataret,

67 752 207 785 Clarum
224 752 428 796 Trojugenis
445 753 582 786 factura
599 763 639 785 ac
656 752 770 785 nobile
787 752 939 786 fulcrum
955 765 962 787 :

67 797 134 831 Sed
152 798 246 831 nudo
264 798 372 832 latere
390 802 425 831 et
442 798 559 842 parvis
575 798 670 831 frons
689 810 779 832 aerea
795 798 894 832 lectis

67 843 146 877 Vile
163 844 318 877 coronati
335 848 442 888 caput
459 844 662 878 ostendebat
679 844 787 887 aselli,

66 890 122 923 Ad
139 889 231 933 quod
248 889 370 923 lascivi
387 890 555 923 ludebant
572 890 662 923 ruris
679 890 824 923 alumni.

67 935 168 969 Tales
185 947 266 978 ergo
283 935 362 978 cibi,
380 935 494 979 qualis
511 935 632 968 domus
650 939 756 979 atque
774 935 941 980 supellex.

68 981 164 1014 Tunc
181 981 279 1014 rudis
296 985 332 1015 et
350 982 469 1014 Graias
486 981 605 1014 mirari
622 982 758 1015 nescius
775 986 876 1024 artes,

68 1027 221 1060 Urbibus
239 1027 374 1068 eversis,
392 1027 588 1071 praedarum
605 1027 642 1060 in
659 1031 758 1071 parte
775 1032 913 1070 reperta
944 1042 947 1045 ·

67 1073 280 1116 Magnorum
297 1074 471 1106 artificum
488 1073 672 1116 frangebat
689 1073 814 1116 poeula
830 1073 939 1116 miles,

69 1118 118 1152 Ut
135 1118 286 1163 phaleris
302 1119 470 1162 gauderet
488 1130 604 1163 equuS,
623 1119 814 1162 caelataque
831 1120 935 1152 cassis

69 1164 245 1198 Romuleae
263 1165 449 1198 simulacra
465 1165 547 1198 ferae
564 1176 802 1198 mansuescere
813 1166 920 1208 jussae

70 1210 213 1255 Imperii
230 1210 312 1253 fato,
330 1210 486 1254 geminos
503 1210 565 1244 sub
582 1222 668 1254 rupe
687 1210 858 1253 Quirinos,

69 1256 121 1289 Ac
138 1257 269 1290 nudam
285 1256 435 1300 effigiem
451 1256 572 1301 clypeo
590 1257 761 1290 venientis
779 1261 813 1290 et
830 1257 933 1291 hasta

69 1302 327 1346 Pendentisque
344 1303 420 1345 Dei,
437 1303 591 1346 perituro
609 1303 805 1336 ostenderet
822 1303 924 1337 hosti.

69 1348 218 1392 Argenti
236 1348 329 1392 quod
347 1353 430 1389 erat,
450 1348 529 1381 solis
546 1348 703 1391 fulgebat
720 1348 757 1380 in
774 1349 888 1382 armis.

71 1394 252 1428 Ponebant
268 1394 378 1437 igitur
395 1394 503 1427 Tusco
520 1394 652 1427 farrata
669 1394 784 1426 catino
802 1406 809 1434 3

72 1440 198 1474 Omnia
215 1443 311 1483 tunc,
328 1439 455 1483 quibus
472 1439 638 1481 invideas,
656 1439 685 1472 si
702 1439 870 1473 lividulus
888 1439 942 1473 sis.

71 1486 293 1530 Templorum
311 1497 447 1529 quoque
464 1486 626 1529 majestas
645 1486 856 1528 praesentior,
875 1489 911 1519 et
928 1496 996 1519 vox

71 1531 183 1565 Nocte
199 1532 270 1565 fere
287 1532 415 1573 media,
435 1531 657 1573 mediamque
674 1531 797 1564 audita
814 1543 876 1575 per
893 1531 1025 1575 urbem,

72 1577 188 1611 Litore
205 1577 249 1611 ab
267 1577 396 1611 Oceani
414 1577 521 1611 Gallis
539 1577 762 1610 venientibus
779 1582 814 1610 et
832 1577 896 1610 Dis

74 1623 236 1656 Officium
252 1623 343 1657 vatis
361 1623 616 1667 peragentibus,
634 1623 688 1655 his
704 1623 840 1656 monuit
857 1634 928 1657 nos.

75 1669 177 1702 Hanc
193 1669 295 1702 rebus
313 1669 422 1702 Latiis
440 1680 559 1702 curam
577 1672 741 1712 praestare
758 1668 889 1702 solebat

73 1715 209 1750 Fictilis
226 1718 262 1749 et
277 1715 374 1749 nullo
392 1714 541 1750 violatus
558 1715 701 1759 Jupiter
717 1726 810 1749 auro.
858 1722 865 1724 ⁷

1139 45 1182 78 87

1142 525 1184 556 9ss

1123 983 1189 1016 100

1126 1441 1193 1473 110
