1284 1922
111 87 156 118 66
422 86 463 119 D.
481 87 615 120 JUNH
639 86 903 121 JUVENALIS

157 152 326 186 Defensor
343 151 455 196 eulpae
472 152 566 186 dicet
581 152 679 194 mihi,
697 153 872 186 “fecimus
890 155 925 186 et
942 162 1003 185 nos

110 198 196 233 Haec
208 198 385 240 juvenes.'’
432 197 526 231 Esto.
574 198 703 232 Desisti
719 209 852 242 nempe,
872 209 935 231 nec
952 197 1045 231 ultra

107 244 241 278 Fovisti
258 256 415 278 errorem.
457 245 566 278 Breve
584 245 638 287 sit,
656 245 748 288 quod
765 244 915 287 turpiter
932 243 1059 284 audes3

108 290 277 331 Quaedam
295 302 374 324 cum
391 290 504 334 prima
520 294 718 323 resecentur
735 289 881 322 crimina
897 289 1023 329 barba;

106 335 258 379 Indulge
274 336 413 370 veniam
429 336 562 380 pueris:
588 336 781 368 Lateranus
793 340 804 355 ⁰
821 335 866 368 ad
884 334 960 367 illos

106 379 334 414 Thermarum
351 382 473 415 calices
489 381 726 424 inscriptaque
743 381 851 413 lintea
869 380 975 422 vadit,

103 424 268 462 Maturus
285 427 384 469 bello,
402 427 576 460 Armeniae
594 427 768 470 Syriaeque
785 425 924 458 tuendis

105 472 277 505 Amm'bus
295 476 329 506 et
348 473 468 506 Rheno
487 476 591 515 atque
609 472 707 505 Istro.
749 472 917 504 Praestare
934 471 1106 504 Neronem
1156 471 1222 505 170

104 517 272 550 Securum
290 518 382 551 valet
399 518 473 551 haec
491 522 582 551 aetas.
624 517 729 550 Mitte
748 517 854 559 Ostia,
872 516 993 559 Caesar,

103 562 210 596 Mitte
225 575 231 596 :
258 564 316 596 sed
334 564 370 596 in
387 574 515 606 magna
532 563 689 606 legatum
707 573 824 605 quaere
841 562 989 606 popina3

103 607 264 641 Invenies
281 609 396 652 aliquo
414 620 493 641 cum
510 619 706 652 percussore
718 609 904 651 jacentem,

104 653 323 687 Permixtum
340 654 457 687 nautis
474 658 509 687 et
526 654 662 686 furibus
679 665 719 687 ac
736 653 906 697 fugitivis,

103 699 201 732 Inter
218 700 395 733 carnifices
413 704 448 733 et
464 699 578 732 fabros
596 699 857 743 sandapilarum

101 744 148 778 Et
165 745 358 788 resupinati
375 745 546 778 cessantia
563 748 732 788 tympana
750 745 849 778 Galli.

101 789 217 833 AEqua
233 790 282 823 ibi
299 791 451 833 libertas,
470 791 668 824 communia
684 790 818 834 pocula,
836 790 945 823 lectus

100 834 180 869 Non
197 836 286 869 alius
303 836 477 879 cuiquam,
494 847 558 869 nec
574 847 694 869 mensa
710 836 872 868 remotior
888 835 961 868 ulli.

102 881 194 922 Quid
210 882 318 914 facias
335 882 442 915 talem
459 882 611 924 sortitus,
630 881 783 923 Pontice,
803 881 962 914 servum'.l

99 926 233 971 Nempe
250 927 287 959 in
306 927 462 960 Lucanos
479 931 542 960 aut
560 927 670 960 Tusca
687 926 863 969 ergastula
879 927 1010 960 mittas.
1153 929 1217 960 180

100 972 148 1006 At
165 984 233 1016 vos,
251 973 463 1016 Trojugenae,
481 972 577 1006 vobis
594 972 782 1016 ignoscitiS,
801 975 835 1005 et
853 983 929 1016 quae

100 1017 229 1062 Turpia
246 1019 395 1061 cerdoni,
414 1019 554 1051 Volesos
571 1018 788 1061 Brutumque
806 1017 985 1052 decebunt.

101 1063 201 1106 Quid,
220 1064 248 1097 si
264 1075 445 1108 nunquam
462 1064 547 1098 adeo
564 1064 663 1096 foedis
680 1064 833 1107 adeoque
850 1063 1021 1107 pudendis

99 1108 240 1142 Utimur
257 1110 434 1152 exemplis,
451 1113 492 1142 ut
508 1121 577 1142 non
594 1110 712 1152 pejora
729 1109 927 1152 supersint?

100 1154 297 1188 Consumtis
314 1155 436 1198 opibus
454 1166 581 1197 vocem,
599 1154 819 1197 Damasippe,
835 1154 958 1188 locasti

98 1199 242 1244 Sipario,
260 1200 449 1233 clamosum
466 1212 585 1243 ageres
604 1205 642 1232 ut
661 1200 812 1232 Phasma
829 1200 968 1234 Catulli.

97 1245 304 1279 Laureolum
321 1245 422 1278 velox
439 1246 545 1279 etiam
563 1245 649 1279 bene
667 1245 836 1278 Lentulus
855 1246 937 1288 egit,

97 1290 124 1324 J
126 1291 226 1325 udice
242 1303 297 1324 me
315 1291 440 1334 dignus
458 1302 539 1325 vera
556 1303 665 1324 cruce.
705 1291 778 1324 Nec
796 1294 913 1324 tamen
930 1292 998 1336 ipsi

97 1335 259 1380 Ignoscas
277 1337 421 1380 populo:
446 1337 566 1381 populi
582 1337 677 1370 frons
694 1336 811 1369 durior
827 1336 941 1380 hujus,

98 1382 165 1422 Qui
183 1383 278 1415 sedet
295 1387 330 1416 et
347 1386 482 1425 spectat
499 1383 679 1416 triscurria
696 1382 931 1426 patriciorum,
1149 1386 1214 1417 190

96 1426 305 1471 Planipedes
322 1428 421 1462 audit
439 1428 573 1471 Fabios,
590 1428 701 1461 ridere
719 1431 833 1472 potest
850 1428 910 1471 qui

95 1472 350 1507 Mamercorum
366 1473 494 1518 alapas.
536 1474 667 1514 Quanti
685 1485 746 1507 sua
762 1473 885 1506 funera
901 1473 1066 1517 vendant,

96 1518 187 1558 Quid
205 1519 335 1552 refert?
378 1519 544 1553 Vendunt
562 1519 659 1552 nullo
677 1523 819 1562 cogente
836 1519 982 1562 Nerone,

93 1563 183 1608 [Nec
200 1564 363 1598 dubitant
382 1565 471 1598 Celsi
488 1565 644 1609 praetoris
662 1565 808 1598 vendere
826 1563 943 1608 ludis]

93 1609 206 1653 Finge
222 1614 340 1643 tamen
356 1611 490 1655 gladios
507 1611 597 1654 inde,
615 1614 720 1654 atque
737 1610 818 1643 hinc
835 1610 972 1654 pulpita
989 1621 1094 1654 pone:

94 1655 186 1696 Quid
204 1656 337 1689 satius?
378 1656 529 1690 Mortem
547 1657 595 1690 sic
612 1657 795 1699 quisquam
812 1656 1004 1698 exhorruit,
1022 1660 1062 1690 ut
1079 1656 1125 1690 sit

92 1700 280 1745 Zelotypus
298 1701 491 1746 Thymeles,
509 1702 642 1745 stupidi
660 1702 791 1744 collega
809 1701 989 1735 Corinthi?

535 1764 544 1776 ι·
565 1759 749 1791 Damasippus
