1284 1922
483 58 653 94 SATIRA
673 60 720 94 II.
1126 67 1168 98 13

44 128 185 162 Interea
200 125 416 161 tormentum
431 126 555 171 ingens
572 127 787 162 nubentibus
804 129 924 173 haeret,

45 174 146 216 Quod
162 177 343 218 nequeunt
359 184 480 216 parere
497 177 532 206 et
549 178 656 217 partu
672 175 821 209 retinere
837 178 990 212 maritos.

43 220 112 254 Sed
128 219 264 261 melius,
282 219 375 263 quod
391 218 443 252 nil
459 219 586 252 animis
603 219 640 252 in
657 231 799 264 corpora
810 223 902 265 juris

42 266 181 300 Natura
197 265 372 308 indulget.
423 264 566 298 steriles
582 265 792 309 moriuntur,
810 273 845 301 et
862 268 933 302 illis
1102 273 1170 304 140

43 311 198 356 Turgida
213 322 284 344 non
300 310 440 355 prodest
457 310 599 344 condita
615 312 745 355 pyxide
763 312 868 356 Lyde,

42 357 116 391 Nec
129 357 268 402 prodest
285 356 370 400 agili
387 356 521 400 palmas
537 356 690 400 praebere
707 357 873 402 Luperco.

90 403 184 437 Vicit
201 408 237 436 et
253 402 317 436 hoc
334 407 530 436 monstrum
547 403 698 436 tunicati
714 404 852 439 fuscina
870 406 1028 451 Gracchi,

42 448 292 493 Lustravitque
307 448 394 492 fuga
410 447 562 481 mediam
579 448 753 492 gladiator
770 461 913 486 arenam

41 495 89 529 Et
106 494 311 540 Capitolinis
327 494 523 537 generosior
539 499 574 528 et
590 494 766 529 Marcellis

42 540 89 575 Et
107 541 239 575 Catulis
257 540 442 584 Paullique
458 540 651 573 minoribus
667 546 703 574 et
719 541 836 576 Fabiis
853 547 889 577 et

43 587 213 621 Omnibus
229 586 274 620 ad
290 586 435 630 podium
452 586 699 630 spectantibus.
748 587 815 621 His
832 589 915 624 licet
930 590 1048 636 ipsum

41 633 246 675 Admoveas,
264 633 364 676 eujus
380 636 466 665 tunc
482 643 626 665 munere
642 633 731 666 retia
747 634 852 668 misit.

88 679 171 712 Esse
187 678 321 722 aliquos
337 686 475 711 manesc
493 682 528 711 et
545 678 768 713 subterranea.
782 691 892 724 regna

41 724 89 758 Et
105 729 248 758 contum
264 728 300 758 et
316 723 438 768 Stygio
454 735 557 757 ranas
573 724 611 757 in
627 725 768 768 gurgite
784 727 913 771 nigras,
1100 732 1166 764 150

41 771 159 815 Atque
176 782 247 804 una
263 771 413 804 transire
430 769 560 803 vadum
577 775 630 804 tot
647 771 759 805 millia
776 773 900 816 cymba

41 816 75 850 N
77 828 115 850 cc
131 817 232 861 pueri
249 816 406 859 credunt,
423 816 491 849 nisi
509 816 570 860 qui
586 817 744 850 nondum
761 828 826 851 aere
844 819 1019 854 lavantur.

42 862 109 896 Sed
127 868 168 896 tu
184 873 266 896 vera
282 867 370 906 puta
385 874 392 895 :
419 862 542 896 Curius
559 863 643 906 quid
657 864 764 897 sentit
781 869 816 897 et
833 866 935 899 ambo

41 908 212 953 Scipiadae
228 908 241 942 2
266 908 352 952 quid
369 907 548 941 Fabricius
565 920 753 953 manesque
771 910 911 944 Camilli
929 911 941 945 21

43 955 135 996 Quid
152 954 319 988 Cremerae
336 954 426 998 legio
443 958 479 987 et
497 954 624 987 Cannis
641 961 823 989 consumta
835 958 1015 1002 juventus,

42 1000 108 1034 Tot
123 1000 294 1034 bellorum
310 999 447 1042 animae,
465 1000 600 1043 quoties
617 999 699 1033 hinc
716 1001 797 1034 talis
813 1002 859 1035 ad
875 1003 953 1036 illos

42 1046 174 1080 Umbra
190 1046 288 1079 venit
305 1045 317 1079 ’.ἱ
343 1045 517 1090 Cuperent
534 1045 687 1089 lustrari,
705 1047 733 1079 si
750 1059 820 1091 qua
837 1048 1004 1082 darentur

41 1091 185 1126 Sulfura
202 1103 283 1125 cum
299 1091 398 1125 taedis
416 1097 451 1124 et
468 1091 497 1124 si
513 1091 602 1125 foret
618 1091 764 1126 humida
780 1092 910 1128 laurus.

43 1138 143 1181 Inue,
160 1138 240 1181 heu,
255 1137 373 1171 miseri
388 1137 607 1171 traducimur
623 1139 630 1171 ἔ
657 1140 764 1172 Arma
780 1140 922 1183 quidem
939 1141 1034 1176 ultra

41 1183 160 1218 Litora
176 1184 201 1218 J
204 1194 340 1217 uvernae
357 1183 591 1228 promovimus
608 1188 642 1218 et
659 1184 760 1218 modo
778 1191 898 1230 captas
1097 1190 1163 1222 160

43 1229 194 1263 Orcadas
209 1240 250 1263 ac
266 1229 412 1262 minima
429 1233 608 1263 contentos
624 1235 726 1264 nocte
743 1230 929 1266 Britannos
943 1245 950 1267 :

41 1275 110 1309 Sed
127 1287 204 1320 quae
220 1286 315 1308 nunc
330 1275 452 1320 populi
468 1275 559 1308 fiunt
576 1276 716 1309 victoris
732 1277 771 1310 in
788 1277 882 1321 urbe,

41 1321 122 1356 Non
137 1322 274 1356 faciunt
290 1321 353 1364 illi,
371 1332 457 1365 quos
473 1321 621 1355 vicimus
637 1333 644 1355 :
668 1323 687 1339 “
697 1328 732 1355 et
749 1326 867 1356 tamen
883 1334 974 1357 unus

41 1367 228 1401 Armenius
245 1367 382 1401 Zalates
399 1367 534 1400 cunctis
550 1372 714 1401 narratur
730 1369 871 1413 ephebis

41 1412 182 1447 Mollior
197 1412 335 1447 ardenti
352 1424 423 1446 sese
440 1412 625 1446 indulsisse
643 1412 814 1448 tribuno.''

41 1459 178 1504 Aspice,
195 1458 280 1504 quid
296 1459 429 1492 faciant
446 1459 651 1492 commercia
665 1471 672 1492 :
697 1464 840 1494 venerat
856 1461 962 1496 obses.

10 1521 12 1533 ι
43 1504 112 1539 Hic
128 1505 221 1538 fiunt
236 1504 393 1538 homines
407 1506 415 1538 ἔ
465 1504 557 1538 Nam
574 1505 603 1538 si
618 1516 715 1538 mora
730 1505 866 1549 longior
882 1508 1003 1542 urbem

43 1550 198 1584 Indulsit
213 1551 339 1595 pueris,
355 1561 427 1584 non
442 1561 600 1594 unquam
616 1550 726 1584 deerit
742 1558 898 1587 amator:

43 1595 235 1630 Mittentur
250 1596 391 1639 braccae,
409 1596 554 1638 cultelli,
572 1597 680 1639 frena,
696 1597 885 1641 flagellum.

44 1641 100 1676 Sic
115 1646 340 1687 praetextatos
356 1642 513 1676 referunt
529 1642 702 1677 Artaxata
717 1654 838 1678 mores.
1096 1648 1163 1681 170

467 1705 478 1719 e
497 1699 603 1732 aliquid
617 1708 712 1726 manee
