1284 1922
90 72 134 104 58
414 69 456 103 D.
475 68 608 102 JUNH
626 68 890 102 JUVENALIS

89 135 263 170 Bellatore
281 136 401 169 sedens
418 140 601 170 curvatum
618 136 744 170 hastile
760 137 915 169 minatur

89 182 245 225 Eminus,
263 186 298 215 et
316 185 434 215 statua
450 182 642 215 meditatur
658 182 779 225 proelia
797 181 920 216 lusca.”

90 227 146 261 Sic
164 228 257 261 Pedo
274 228 468 269 conturbat,
486 227 609 261 Matho
626 228 743 261 deficit
757 240 765 268 3
791 228 906 261 exitus
924 228 980 262 hic
998 231 1050 262 est

89 273 250 317 Tongilii,
268 285 394 317 magno
412 285 491 307 cum
508 274 722 307 rhinocerote
739 274 850 307 lavari
1146 276 1211 308 130

91 319 158 359 Qui
175 319 261 352 solet
277 322 313 352 et
330 322 436 353 vexat
451 319 628 353 lutulenta
645 319 770 353 balnea
787 319 889 353 turba

90 363 227 408 Perque
243 365 356 398 forum
368 366 515 409 juvenes
532 365 634 408 longo
651 366 778 409 premit
796 377 907 398 assere
924 365 1054 408 Medos,

88 410 255 444 Emturus
272 422 405 454 pueros,
423 415 617 454 argentum,
634 411 824 454 murrhina,
842 411 942 444 villas
957 423 964 445 :

89 455 244 499 Spondet
261 456 353 489 enim
372 457 474 499 Tyrio
492 457 651 489 stlattaria
667 468 820 500 purpura
837 457 904 490 filo.

89 501 135 535 Et
152 505 270 535 tamen
287 505 339 535 est
355 502 424 534 illis
442 502 506 535 hoc
524 502 609 535 utile
624 514 630 535 :
656 514 811 545 purpura
827 500 947 535 vendit
985 512 991 514 *

90 547 320 590 Causidicum,
337 548 494 581 vendunt
511 548 748 591 amethystina
762 560 768 581 :
795 548 957 581 convenit
974 548 1045 581 illis

89 592 135 626 Et
153 593 301 637 strepitu
320 597 355 626 et
371 593 460 626 facie
476 594 615 636 majoris
633 594 747 627 vivere
764 605 896 627 census.

89 638 157 672 Sed
173 639 279 671 finem
295 639 458 682 impcnsae
475 650 546 671 non
563 643 676 672 sewat
694 639 838 683 prodiga
856 639 974 673 Roma.

89 683 248 717 Fidimus
265 684 402 728 eloquio
417 684 429 718 2
479 684 633 718 Ciceroni
650 696 751 718 nemo
769 685 935 718 ducentos

87 729 192 763 Nunc
210 730 344 763 dederit
361 741 530 773 nummos,
547 730 615 763 nisi
631 730 768 763 fulserit
787 731 939 764 annulus
956 730 1088 774 ingens.
1145 733 1210 765 140

88 776 244 819 Respicit
261 776 334 808 haec
351 776 515 820 primum,
533 776 593 819 qui
610 776 738 819 litigat⁷
756 788 801 809 an
819 776 884 809 tibi
902 777 991 810 servi

89 821 183 864 Octo,
202 821 321 854 decem
339 822 490 864 comites,
508 833 553 855 au
571 826 648 865 post
665 826 700 854 te
718 822 810 864 sella,
830 822 941 865 togati

87 867 181 900 Ante
198 867 311 911 pedes,
361 867 443 900 Ideo
461 868 631 900 conducta
649 868 794 901 Paullus
811 869 938 910 agebat

87 912 319 955 Sardonyche,
337 916 443 956 atque
460 913 536 946 ideo
554 913 672 957 pluris,
691 924 797 956 quam
815 914 935 946 Cossus
953 914 1088 957 agebat,

88 958 202 999 Quam
220 958 365 991 Basilus,
416 959 509 991 Rara
525 959 562 991 in
580 960 679 992 tenui
695 959 860 992 facundia
877 971 1002 1002 panno.

88 1004 235 1045 Quando
252 1004 334 1037 licet
348 1004 462 1037 Basilo
479 1004 621 1037 flentem
638 1006 827 1049 producere
844 1009 991 1038 matrem
1005 1005 1018 1038 ‘l

88 1050 173 1090 Quis
190 1049 277 1083 bene
294 1050 468 1083 dicentem
486 1050 642 1084 Basilum
660 1052 749 1084 serat
764 1051 776 1084 2
825 1051 986 1095 Accipiat
1003 1055 1039 1085 te

88 1095 211 1138 Gallia,
228 1096 283 1129 vel
301 1096 416 1139 potius
433 1096 611 1130 nutricula
628 1097 887 1130 causidicorum

86 1141 216 1182 Africa,
235 1141 263 1174 si
279 1141 414 1185 placuit
431 1142 624 1175 mercedem
641 1143 817 1186 imponere
834 1143 973 1185 linguae.

132 1187 336 1220 Declamare
353 1187 452 1220 doces
466 1187 478 1220 2
528 1187 555 1220 Ο
572 1187 682 1221 ferrea
699 1192 838 1232 pectora
856 1187 955 1221 Vetti
966 1194 992 1231 Χ,
1144 1190 1210 1221 150

88 1232 205 1274 Quum
220 1232 362 1277 perimit
379 1244 484 1267 saevos
502 1233 618 1266 classis
636 1245 818 1267 numerosa
835 1237 1001 1277 tyrannos
1017 1235 1023 1267 ἔ

85 1278 177 1311 Nam
194 1289 411 1322 quaecunque
429 1279 547 1312 sedens
564 1279 665 1312 modo
682 1280 821 1323 legerat,
840 1279 913 1312 haec
931 1280 1051 1313 eadem
1069 1282 1164 1313 stans

85 1323 265 1357 Proferety
281 1328 388 1367 atque
405 1325 525 1357 eadem
543 1325 700 1358 cantabit
717 1325 871 1359 versibus
888 1325 1007 1359 isdem.

87 1370 223 1403 Occidit
239 1370 379 1402 miseros
397 1369 534 1403 crambe
550 1371 699 1414 repetita
716 1371 908 1414 magistros.

86 1416 172 1457 Quis
190 1415 281 1448 color
298 1419 333 1448 et
351 1416 442 1459 quod
460 1416 505 1449 sit
522 1427 633 1449 causae
651 1428 769 1459 genus,
788 1422 892 1461 atque
909 1416 969 1449 ubi
987 1428 1122 1450 summa

87 1461 249 1504 Quaestio,
267 1473 345 1505 quae
363 1462 506 1495 veniant
523 1462 658 1495 diversa
675 1468 773 1506 parte
791 1463 937 1506 sagittae,

85 1506 193 1540 Nosse
210 1507 321 1540 velint
338 1519 464 1549 omnes,
482 1508 675 1541 mercedem
693 1508 822 1542 solvere
838 1520 948 1541 nemo.

89 1555 111 1570 “
123 1553 318 1586 Mercedem
336 1554 490 1597 appellas
504 1553 517 1587 ’ἰ
542 1554 627 1598 quid
644 1553 738 1588 enim
754 1554 823 1588 scio
837 1553 871 1588 2”
906 1553 1016 1597 Culpa
1033 1552 1187 1586 docentis

86 1597 227 1631 Scilicet
244 1596 413 1641 arguitur,
432 1599 524 1641 quod
542 1599 630 1631 laeva
647 1599 684 1631 in
701 1603 799 1643 parte
816 1599 980 1633 mamillae

85 1643 145 1677 Nil
163 1643 244 1677 salit
261 1643 431 1676 Arcadioz
443 1644 578 1687 juveni>
596 1645 696 1687 cujus
711 1645 799 1677 mihi
817 1648 915 1678 sexta
1126 1642 1208 1679 '160

87 1689 231 1733 Quaque
249 1689 304 1721 die
321 1689 484 1722 miserum
502 1689 597 1722 dirus
614 1694 720 1733 caput
738 1690 916 1724 Hannibal
933 1690 1055 1734 implet
1070 1703 1078 1732 ;

240 1748 250 1760 ¹
269 1744 357 1771 Vecti.
546 1748 556 1766 5
574 1747 694 1772 perforet
843 1749 851 1761 ²
870 1747 1013 1771 Arcadico.
