<?xml version="1.0" encoding="UTF-8"?>
<!DOCTYPE html PUBLIC "-//W3C//DTD XHTML 1.0 Transitional//EN"
    "http://www.w3.org/TR/xhtml1/DTD/xhtml1-transitional.dtd">
<html xmlns="http://www.w3.org/1999/xhtml" xml:lang="en" lang="en">
 <head>
  <title>
</title>
<meta http-equiv="Content-Type" content="text/html;charset=utf-8" />
  <meta name='ocr-system' content='tesseract 3.04.00' />
  <meta name='ocr-capabilities' content='ocr_page ocr_carea ocr_par ocr_line ocrx_word'/>
</head>
<body>
  <div class='ocr_page' id='page_1' title='image "./juvenalisetpersi00juveuoft_0141.png"; bbox 0 0 1284 1922; ppageno 0'>
   <div class='ocr_carea' id='block_1_1' title="bbox 479 62 1145 97">
    <p class='ocr_par' dir='ltr' id='par_1_1' title="bbox 479 62 1145 97">
     <span class='ocr_line' id='line_1_1' title="bbox 479 62 1145 97; baseline -0.003 -1"><span class='ocrx_word' id='word_1_1' title='bbox 479 62 649 97; x_wconf 77' lang='lat' dir='ltr'>SATIRA</span> <span class='ocrx_word' id='word_1_2' title='bbox 675 62 738 97; x_wconf 86' lang='lat' dir='ltr'>IV.</span> <span class='ocrx_word' id='word_1_3' title='bbox 1078 62 1145 94; x_wconf 86' lang='lat'>133</span> 
     </span>
    </p>
   </div>
   <div class='ocr_carea' id='block_1_2' title="bbox 24 129 1149 1087">
    <p class='ocr_par' dir='ltr' id='par_1_2' title="bbox 24 129 833 166">
     <span class='ocr_line' id='line_1_2' title="bbox 24 129 833 166; baseline -0.002 0"><span class='ocrx_word' id='word_1_4' title='bbox 24 131 219 166; x_wconf 88' lang='lat' dir='ltr'>Pannosam</span> <span class='ocrx_word' id='word_1_5' title='bbox 236 132 358 166; x_wconf 86' lang='lat' dir='ltr'>faecem</span> <span class='ocrx_word' id='word_1_6' title='bbox 374 131 553 165; x_wconf 87' lang='lat' dir='ltr'>morientis</span> <span class='ocrx_word' id='word_1_7' title='bbox 571 130 683 165; x_wconf 77' lang='lat' dir='ltr'>sorbet</span> <span class='ocrx_word' id='word_1_8' title='bbox 700 129 833 164; x_wconf 71' lang='lat' dir='ltr'>acetiY‘</span> 
     </span>
    </p>

    <p class='ocr_par' dir='ltr' id='par_1_3' title="bbox 24 176 1147 577">
     <span class='ocr_line' id='line_1_3' title="bbox 71 176 890 220; baseline -0.004 -8"><span class='ocrx_word' id='word_1_9' title='bbox 71 179 120 212; x_wconf 88' lang='lat' dir='ltr'>At</span> <span class='ocrx_word' id='word_1_10' title='bbox 136 178 165 212; x_wconf 86' lang='lat' dir='ltr'>si</span> <span class='ocrx_word' id='word_1_11' title='bbox 181 187 309 211; x_wconf 85' lang='lat' dir='ltr'>unctus</span> <span class='ocrx_word' id='word_1_12' title='bbox 326 189 434 211; x_wconf 86' lang='lat' dir='ltr'>cesses</span> <span class='ocrx_word' id='word_1_13' title='bbox 452 182 486 210; x_wconf 91' lang='lat' dir='ltr'>et</span> <span class='ocrx_word' id='word_1_14' title='bbox 503 178 606 220; x_wconf 81' lang='lat' dir='ltr'>figas²</span> <span class='ocrx_word' id='word_1_15' title='bbox 623 177 660 209; x_wconf 89' lang='lat' dir='ltr'>in</span> <span class='ocrx_word' id='word_1_16' title='bbox 678 180 758 210; x_wconf 91' lang='lat' dir='ltr'>cute</span> <span class='ocrx_word' id='word_1_17' title='bbox 775 176 890 218; x_wconf 89' lang='lat' dir='ltr'>solem,</span> 
     </span>
     <span class='ocr_line' id='line_1_4' title="bbox 24 222 980 268; baseline -0.002 -11"><span class='ocrx_word' id='word_1_18' title='bbox 24 223 98 266; x_wconf 90' lang='lat' dir='ltr'>Est,</span> <span class='ocrx_word' id='word_1_19' title='bbox 115 235 222 268; x_wconf 89' lang='lat' dir='ltr'>prope</span> <span class='ocrx_word' id='word_1_20' title='bbox 239 235 274 257; x_wconf 86' lang='lat' dir='ltr'>se</span> <span class='ocrx_word' id='word_1_21' title='bbox 292 224 473 267; x_wconf 72' lang='lat' dir='ltr'>ignotumn</span> <span class='ocrx_word' id='word_1_22' title='bbox 490 223 605 255; x_wconf 85' lang='lat' dir='ltr'>cubito</span> <span class='ocrx_word' id='word_1_23' title='bbox 623 222 684 265; x_wconf 84' lang='lat' dir='ltr'>qui</span> <span class='ocrx_word' id='word_1_24' title='bbox 701 226 834 265; x_wconf 87' lang='lat' dir='ltr'>tangat,</span> <span class='ocrx_word' id='word_1_25' title='bbox 849 227 883 255; x_wconf 85' lang='lat' dir='ltr'>et</span> <span class='ocrx_word' id='word_1_26' title='bbox 902 231 980 255; x_wconf 86' lang='lat' dir='ltr'>acre</span> 
     </span>
     <span class='ocr_line' id='line_1_5' title="bbox 24 267 922 314; baseline -0.003 -11"><span class='ocrx_word' id='word_1_27' title='bbox 24 269 182 314; x_wconf 87' lang='lat' dir='ltr'>Despuat</span> <span class='ocrx_word' id='word_1_28' title='bbox 198 269 235 302; x_wconf 87' lang='lat' dir='ltr'>in</span> <span class='ocrx_word' id='word_1_29' title='bbox 252 280 372 309; x_wconf 86' lang='lat' dir='ltr'>mores,</span> <span class='ocrx_word' id='word_1_30' title='bbox 389 279 582 313; x_wconf 81' lang='lat' dir='ltr'>penemque</span> <span class='ocrx_word' id='word_1_31' title='bbox 599 278 794 311; x_wconf 88' lang='lat' dir='ltr'>arcanaque</span> <span class='ocrx_word' id='word_1_32' title='bbox 811 267 922 301; x_wconf 90' lang='lat' dir='ltr'>lumbi</span> 
     </span>
     <span class='ocr_line' id='line_1_6' title="bbox 25 314 926 359; baseline -0.003 -10"><span class='ocrx_word' id='word_1_33' title='bbox 25 315 247 349; x_wconf 88' lang='lat' dir='ltr'>Runcantem</span> <span class='ocrx_word' id='word_1_34' title='bbox 263 314 390 359; x_wconf 92' lang='lat' dir='ltr'>populo</span> <span class='ocrx_word' id='word_1_35' title='bbox 408 318 600 347; x_wconf 81' lang='lat' dir='ltr'>marcentes</span> <span class='ocrx_word' id='word_1_36' title='bbox 617 314 768 357; x_wconf 82' lang='lat' dir='ltr'>pandere</span> <span class='ocrx_word' id='word_1_37' title='bbox 785 314 926 346; x_wconf 76' lang='lat' dir='ltr'>vulvas:</span> 
     </span>
     <span class='ocr_line' id='line_1_7' title="bbox 25 359 936 404; baseline -0.002 -10"><span class='ocrx_word' id='word_1_38' title='bbox 25 361 44 377; x_wconf 83' lang='lat'>‘⁴</span> <span class='ocrx_word' id='word_1_39' title='bbox 55 361 107 394; x_wconf 81' lang='lat' dir='ltr'>&#39;Pu</span> <span class='ocrx_word' id='word_1_40' title='bbox 124 372 232 404; x_wconf 85' lang='lat' dir='ltr'>quum</span> <span class='ocrx_word' id='word_1_41' title='bbox 248 360 402 393; x_wconf 82' lang='lat' dir='ltr'>maxillis</span> <span class='ocrx_word' id='word_1_42' title='bbox 418 359 621 392; x_wconf 84' lang='lat' dir='ltr'>balanatum</span> <span class='ocrx_word' id='word_1_43' title='bbox 638 370 791 402; x_wconf 82' lang='lat' dir='ltr'>gausape</span> <span class='ocrx_word' id='word_1_44' title='bbox 808 364 936 402; x_wconf 81' lang='lat' dir='ltr'>pectas,</span> 
     </span>
     <span class='ocr_line' id='line_1_8' title="bbox 25 404 855 450; baseline -0.004 -10"><span class='ocrx_word' id='word_1_45' title='bbox 25 405 235 450; x_wconf 84' lang='lat' dir='ltr'>Inguinibus</span> <span class='ocrx_word' id='word_1_46' title='bbox 253 417 358 449; x_wconf 91' lang='lat' dir='ltr'>quare</span> <span class='ocrx_word' id='word_1_47' title='bbox 376 405 539 439; x_wconf 88' lang='lat' dir='ltr'>detonsus</span> <span class='ocrx_word' id='word_1_48' title='bbox 556 404 718 448; x_wconf 86' lang='lat' dir='ltr'>gurgulio</span> <span class='ocrx_word' id='word_1_49' title='bbox 735 404 855 438; x_wconf 68' lang='lat' dir='ltr'>extat?</span> 
     </span>
     <span class='ocr_line' id='line_1_9' title="bbox 26 450 948 496; baseline -0.003 -11"><span class='ocrx_word' id='word_1_50' title='bbox 26 451 189 496; x_wconf 83' lang='lat' dir='ltr'>Quinque</span> <span class='ocrx_word' id='word_1_51' title='bbox 206 451 405 496; x_wconf 80' lang='lat' dir='ltr'>palaestritae</span> <span class='ocrx_word' id='word_1_52' title='bbox 422 450 505 484; x_wconf 87' lang='lat' dir='ltr'>licet</span> <span class='ocrx_word' id='word_1_53' title='bbox 522 450 597 483; x_wconf 89' lang='lat' dir='ltr'>haec</span> <span class='ocrx_word' id='word_1_54' title='bbox 614 450 789 494; x_wconf 85' lang='lat' dir='ltr'>plantaria</span> <span class='ocrx_word' id='word_1_55' title='bbox 805 450 948 494; x_wconf 76' lang='lat' dir='ltr'>vellant,</span> 
     </span>
     <span class='ocr_line' id='line_1_10' title="bbox 25 496 1147 541; baseline -0.003 -10"><span class='ocrx_word' id='word_1_56' title='bbox 25 496 215 541; x_wconf 80' lang='lat' dir='ltr'>Elixasque</span> <span class='ocrx_word' id='word_1_57' title='bbox 231 501 330 531; x_wconf 85' lang='lat' dir='ltr'>nates</span> <span class='ocrx_word' id='word_1_58' title='bbox 348 496 561 530; x_wconf 78' lang='lat' dir='ltr'>labefactent</span> <span class='ocrx_word' id='word_1_59' title='bbox 577 496 707 540; x_wconf 85' lang='lat' dir='ltr'>forcipe</span> <span class='ocrx_word' id='word_1_60' title='bbox 724 496 869 538; x_wconf 86' lang='lat' dir='ltr'>adunca,</span> <span class='ocrx_word' id='word_1_61' title='bbox 1099 496 1147 529; x_wconf 87' lang='lat'>40</span> 
     </span>
     <span class='ocr_line' id='line_1_11' title="bbox 24 541 893 577; baseline -0.003 0"><span class='ocrx_word' id='word_1_62' title='bbox 24 542 58 577; x_wconf 88' lang='lat' dir='ltr'>N</span> <span class='ocrx_word' id='word_1_63' title='bbox 60 554 104 576; x_wconf 92' lang='lat' dir='ltr'>on</span> <span class='ocrx_word' id='word_1_64' title='bbox 121 548 239 577; x_wconf 85' lang='lat' dir='ltr'>tamen</span> <span class='ocrx_word' id='word_1_65' title='bbox 255 543 323 576; x_wconf 86' lang='lat' dir='ltr'>ista</span> <span class='ocrx_word' id='word_1_66' title='bbox 338 542 415 575; x_wconf 80' lang='lat' dir='ltr'>filix</span> <span class='ocrx_word' id='word_1_67' title='bbox 433 542 504 575; x_wconf 91' lang='lat' dir='ltr'>ullo</span> <span class='ocrx_word' id='word_1_68' title='bbox 520 542 731 574; x_wconf 84' lang='lat' dir='ltr'>mansuescit</span> <span class='ocrx_word' id='word_1_69' title='bbox 747 541 893 575; x_wconf 86' lang='lat' dir='ltr'>aratro.’&#39;</span> 
     </span>
    </p>

    <p class='ocr_par' dir='ltr' id='par_1_4' title="bbox 26 587 1149 1087">
     <span class='ocr_line' id='line_1_12' title="bbox 72 587 997 632; baseline -0.002 -10"><span class='ocrx_word' id='word_1_70' title='bbox 72 589 255 631; x_wconf 86' lang='lat' dir='ltr'>Caedjmus,</span> <span class='ocrx_word' id='word_1_71' title='bbox 273 588 378 632; x_wconf 88' lang='lat' dir='ltr'>inque</span> <span class='ocrx_word' id='word_1_72' title='bbox 395 588 506 621; x_wconf 86' lang='lat' dir='ltr'>vicem</span> <span class='ocrx_word' id='word_1_73' title='bbox 522 587 714 631; x_wconf 72' lang='lat' dir='ltr'>praebemus</span> <span class='ocrx_word' id='word_1_74' title='bbox 732 598 832 620; x_wconf 87' lang='lat' dir='ltr'>crura</span> <span class='ocrx_word' id='word_1_75' title='bbox 850 587 997 631; x_wconf 83' lang='lat' dir='ltr'>sagittis.</span> 
     </span>
     <span class='ocr_line' id='line_1_13' title="bbox 26 633 885 678; baseline -0.002 -10"><span class='ocrx_word' id='word_1_76' title='bbox 26 633 168 668; x_wconf 84' lang='lat' dir='ltr'>Vivitur</span> <span class='ocrx_word' id='word_1_77' title='bbox 184 634 249 668; x_wconf 89' lang='lat' dir='ltr'>hoc</span> <span class='ocrx_word' id='word_1_78' title='bbox 265 638 388 678; x_wconf 87' lang='lat' dir='ltr'>pacto;</span> <span class='ocrx_word' id='word_1_79' title='bbox 414 634 462 666; x_wconf 88' lang='lat' dir='ltr'>sic</span> <span class='ocrx_word' id='word_1_80' title='bbox 478 633 656 668; x_wconf 81' lang='lat' dir='ltr'>novimus!</span> <span class='ocrx_word' id='word_1_81' title='bbox 685 633 750 666; x_wconf 84' lang='lat' dir='ltr'>Ilia</span> <span class='ocrx_word' id='word_1_82' title='bbox 767 633 885 666; x_wconf 88' lang='lat' dir='ltr'>subter</span> 
     </span>
     <span class='ocr_line' id='line_1_14' title="bbox 27 678 876 714; baseline -0.002 0"><span class='ocrx_word' id='word_1_83' title='bbox 27 680 166 714; x_wconf 87' lang='lat' dir='ltr'>Caecum</span> <span class='ocrx_word' id='word_1_84' title='bbox 182 679 311 713; x_wconf 88' lang='lat' dir='ltr'>vulnus</span> <span class='ocrx_word' id='word_1_85' title='bbox 328 679 451 713; x_wconf 86' lang='lat' dir='ltr'>habes:</span> <span class='ocrx_word' id='word_1_86' title='bbox 477 679 536 712; x_wconf 91' lang='lat' dir='ltr'>sed</span> <span class='ocrx_word' id='word_1_87' title='bbox 552 679 624 711; x_wconf 85' lang='lat' dir='ltr'>lato</span> <span class='ocrx_word' id='word_1_88' title='bbox 640 678 776 711; x_wconf 81' lang='lat' dir='ltr'>balteus</span> <span class='ocrx_word' id='word_1_89' title='bbox 794 690 876 712; x_wconf 88' lang='lat' dir='ltr'>auro</span> 
     </span>
     <span class='ocr_line' id='line_1_15' title="bbox 27 723 954 770; baseline -0.005 -10"><span class='ocrx_word' id='word_1_90' title='bbox 27 725 206 770; x_wconf 81' lang='lat' dir='ltr'>Praetegit.</span> <span class='ocrx_word' id='word_1_91' title='bbox 254 723 302 757; x_wconf 87' lang='lat' dir='ltr'>Ut</span> <span class='ocrx_word' id='word_1_92' title='bbox 317 724 437 765; x_wconf 79' lang='lat' dir='ltr'>mavis,</span> <span class='ocrx_word' id='word_1_93' title='bbox 454 724 498 757; x_wconf 87' lang='lat' dir='ltr'>da</span> <span class='ocrx_word' id='word_1_94' title='bbox 515 723 618 756; x_wconf 84' lang='lat' dir='ltr'>verba</span> <span class='ocrx_word' id='word_1_95' title='bbox 635 727 670 756; x_wconf 89' lang='lat' dir='ltr'>et</span> <span class='ocrx_word' id='word_1_96' title='bbox 686 723 803 766; x_wconf 88' lang='lat' dir='ltr'>decipe</span> <span class='ocrx_word' id='word_1_97' title='bbox 819 733 954 763; x_wconf 84' lang='lat' dir='ltr'>nervos,</span> 
     </span>
     <span class='ocr_line' id='line_1_16' title="bbox 27 769 923 816; baseline -0.004 -11"><span class='ocrx_word' id='word_1_98' title='bbox 27 771 65 804; x_wconf 87' lang='lat' dir='ltr'>Si</span> <span class='ocrx_word' id='word_1_99' title='bbox 82 776 188 816; x_wconf 89' lang='lat' dir='ltr'>potes.</span> <span class='ocrx_word' id='word_1_100' title='bbox 237 774 255 787; x_wconf 81' lang='lat'>‘⁶</span> <span class='ocrx_word' id='word_1_101' title='bbox 266 772 457 814; x_wconf 75' lang='lat' dir='ltr'>Egregium</span> <span class='ocrx_word' id='word_1_102' title='bbox 473 780 583 813; x_wconf 91' lang='lat' dir='ltr'>quum</span> <span class='ocrx_word' id='word_1_103' title='bbox 598 780 654 802; x_wconf 89' lang='lat' dir='ltr'>me</span> <span class='ocrx_word' id='word_1_104' title='bbox 671 769 800 802; x_wconf 82' lang='lat' dir='ltr'>vicinia</span> <span class='ocrx_word' id='word_1_105' title='bbox 817 769 923 812; x_wconf 86' lang='lat' dir='ltr'>dicat,</span> 
     </span>
     <span class='ocr_line' id='line_1_17' title="bbox 27 814 950 858; baseline -0.003 -8"><span class='ocrx_word' id='word_1_106' title='bbox 27 816 107 850; x_wconf 87' lang='lat' dir='ltr'>Non</span> <span class='ocrx_word' id='word_1_107' title='bbox 124 816 261 850; x_wconf 86' lang='lat' dir='ltr'>credam</span> <span class='ocrx_word' id='word_1_108' title='bbox 272 815 306 850; x_wconf 56' lang='grc' dir='ltr'><strong>Τ</strong></span> <span class='ocrx_word' id='word_1_109' title='bbox 356 815 437 848; x_wconf 91' lang='lat' dir='ltr'>Viso</span> <span class='ocrx_word' id='word_1_110' title='bbox 455 815 484 848; x_wconf 92' lang='lat' dir='ltr'>si</span> <span class='ocrx_word' id='word_1_111' title='bbox 500 815 609 858; x_wconf 87' lang='lat' dir='ltr'>palles</span> <span class='ocrx_word' id='word_1_112' title='bbox 626 814 780 858; x_wconf 87' lang='lat' dir='ltr'>improbe</span> <span class='ocrx_word' id='word_1_113' title='bbox 797 826 950 858; x_wconf 92' lang='lat' dir='ltr'>nummo,</span> 
     </span>
     <span class='ocr_line' id='line_1_18' title="bbox 28 860 929 906; baseline -0.003 -10"><span class='ocrx_word' id='word_1_114' title='bbox 28 862 66 896; x_wconf 82' lang='lat' dir='ltr'>Si</span> <span class='ocrx_word' id='word_1_115' title='bbox 81 862 168 896; x_wconf 85' lang='lat' dir='ltr'>facis</span> <span class='ocrx_word' id='word_1_116' title='bbox 184 862 222 895; x_wconf 88' lang='lat' dir='ltr'>in</span> <span class='ocrx_word' id='word_1_117' title='bbox 239 872 363 906; x_wconf 92' lang='lat' dir='ltr'>penem</span> <span class='ocrx_word' id='word_1_118' title='bbox 381 860 548 904; x_wconf 87' lang='lat' dir='ltr'>quicquid</span> <span class='ocrx_word' id='word_1_119' title='bbox 565 860 631 893; x_wconf 91' lang='lat' dir='ltr'>tibi</span> <span class='ocrx_word' id='word_1_120' title='bbox 648 860 745 893; x_wconf 89' lang='lat' dir='ltr'>venit</span> <span class='ocrx_word' id='word_1_121' title='bbox 762 871 929 904; x_wconf 86' lang='lat' dir='ltr'>amarum,</span> 
     </span>
     <span class='ocr_line' id='line_1_19' title="bbox 29 906 796 949; baseline -0.005 -7"><span class='ocrx_word' id='word_1_122' title='bbox 29 907 66 942; x_wconf 82' lang='lat' dir='ltr'>Si</span> <span class='ocrx_word' id='word_1_123' title='bbox 83 907 209 941; x_wconf 86' lang='lat' dir='ltr'>Puteal</span> <span class='ocrx_word' id='word_1_124' title='bbox 225 907 339 940; x_wconf 85' lang='lat' dir='ltr'>multa</span> <span class='ocrx_word' id='word_1_125' title='bbox 355 911 479 939; x_wconf 87' lang='lat' dir='ltr'>cautus</span> <span class='ocrx_word' id='word_1_126' title='bbox 495 906 606 939; x_wconf 84' lang='lat' dir='ltr'>vibice</span> <span class='ocrx_word' id='word_1_127' title='bbox 623 906 796 949; x_wconf 87' lang='lat' dir='ltr'>flagellas:</span> 
     </span>
     <span class='ocr_line' id='line_1_20' title="bbox 28 951 1149 998; baseline -0.001 -11"><span class='ocrx_word' id='word_1_128' title='bbox 28 953 62 987; x_wconf 90' lang='lat' dir='ltr'>N</span> <span class='ocrx_word' id='word_1_129' title='bbox 64 953 270 998; x_wconf 87' lang='lat' dir='ltr'>equicquam</span> <span class='ocrx_word' id='word_1_130' title='bbox 287 952 414 996; x_wconf 91' lang='lat' dir='ltr'>populo</span> <span class='ocrx_word' id='word_1_131' title='bbox 430 951 567 985; x_wconf 89' lang='lat' dir='ltr'>bibulas</span> <span class='ocrx_word' id='word_1_132' title='bbox 584 951 765 984; x_wconf 88' lang='lat' dir='ltr'>donaveris</span> <span class='ocrx_word' id='word_1_133' title='bbox 782 962 889 985; x_wconf 87' lang='lat' dir='ltr'>aures.</span> <span class='ocrx_word' id='word_1_134' title='bbox 1103 953 1149 986; x_wconf 83' lang='lat'>50</span> 
     </span>
     <span class='ocr_line' id='line_1_21' title="bbox 30 997 948 1043; baseline -0.004 -10"><span class='ocrx_word' id='word_1_135' title='bbox 30 999 177 1043; x_wconf 89' lang='lat' dir='ltr'>Respue,</span> <span class='ocrx_word' id='word_1_136' title='bbox 194 998 286 1043; x_wconf 92' lang='lat' dir='ltr'>quod</span> <span class='ocrx_word' id='word_1_137' title='bbox 303 1009 372 1031; x_wconf 88' lang='lat' dir='ltr'>non</span> <span class='ocrx_word' id='word_1_138' title='bbox 390 1008 444 1037; x_wconf 87' lang='lat' dir='ltr'>es;</span> <span class='ocrx_word' id='word_1_139' title='bbox 468 997 570 1030; x_wconf 85' lang='lat' dir='ltr'>tollat</span> <span class='ocrx_word' id='word_1_140' title='bbox 588 1008 650 1030; x_wconf 87' lang='lat' dir='ltr'>sua</span> <span class='ocrx_word' id='word_1_141' title='bbox 666 1007 812 1030; x_wconf 87' lang='lat' dir='ltr'>munera</span> <span class='ocrx_word' id='word_1_142' title='bbox 829 997 948 1037; x_wconf 88' lang='lat' dir='ltr'>cerdo;</span> 
     </span>
     <span class='ocr_line' id='line_1_22' title="bbox 30 1042 1021 1087; baseline -0.001 -8"><span class='ocrx_word' id='word_1_143' title='bbox 30 1044 160 1079; x_wconf 78' lang='lat' dir='ltr'>Tecum</span> <span class='ocrx_word' id='word_1_144' title='bbox 175 1044 307 1085; x_wconf 84' lang='lat' dir='ltr'>habita,</span> <span class='ocrx_word' id='word_1_145' title='bbox 323 1043 416 1077; x_wconf 87' lang='lat' dir='ltr'>noris</span> <span class='ocrx_word' id='word_1_146' title='bbox 424 1042 452 1086; x_wconf 77' lang='lat' dir='ltr'>b,</span> <span class='ocrx_word' id='word_1_147' title='bbox 470 1053 576 1086; x_wconf 88' lang='lat' dir='ltr'>quam</span> <span class='ocrx_word' id='word_1_148' title='bbox 593 1043 638 1076; x_wconf 88' lang='lat' dir='ltr'>sit</span> <span class='ocrx_word' id='word_1_149' title='bbox 655 1042 720 1075; x_wconf 88' lang='lat' dir='ltr'>tibi</span> <span class='ocrx_word' id='word_1_150' title='bbox 737 1047 837 1076; x_wconf 76' lang='lat' dir='ltr'>curta</span> <span class='ocrx_word' id='word_1_151' title='bbox 854 1043 1021 1087; x_wconf 79' lang='lat' dir='ltr'>supellex·</span> 
     </span>
    </p>
   </div>
   <div class='ocr_carea' id='block_1_3' title="bbox 493 1182 687 1193">
    <p class='ocr_par' dir='ltr' id='par_1_5' title="bbox 493 1182 687 1193">
     <span class='ocr_line' id='line_1_23' title="bbox 493 1182 687 1193; baseline 0 729"><span class='ocrx_word' id='word_1_152' title='bbox 493 1182 687 1193; x_wconf 95' lang='lat' dir='ltr'> </span> 
     </span>
    </p>
   </div>
   <div class='ocr_carea' id='block_1_4' title="bbox 433 1274 751 1312">
    <p class='ocr_par' dir='ltr' id='par_1_6' title="bbox 433 1274 751 1312">
     <span class='ocr_line' id='line_1_24' title="bbox 433 1274 751 1312; baseline 0.006 -2"><span class='ocrx_word' id='word_1_153' title='bbox 433 1275 664 1311; x_wconf 82' lang='lat' dir='ltr'><strong>SATIRA</strong></span> <span class='ocrx_word' id='word_1_154' title='bbox 700 1274 751 1312; x_wconf 88' lang='lat' dir='ltr'>V.</span> 
     </span>
    </p>
   </div>
   <div class='ocr_carea' id='block_1_5' title="bbox 32 1359 1007 1540">
    <p class='ocr_par' dir='ltr' id='par_1_7' title="bbox 32 1359 1007 1540">
     <span class='ocr_line' id='line_1_25' title="bbox 32 1359 965 1404; baseline 0 -10"><span class='ocrx_word' id='word_1_155' title='bbox 32 1359 201 1394; x_wconf 77' lang='lat' dir='ltr'>VA&#39;rnms</span> <span class='ocrx_word' id='word_1_156' title='bbox 217 1360 276 1394; x_wconf 87' lang='lat' dir='ltr'>hic</span> <span class='ocrx_word' id='word_1_157' title='bbox 291 1372 365 1394; x_wconf 87' lang='lat' dir='ltr'>mos</span> <span class='ocrx_word' id='word_1_158' title='bbox 382 1364 444 1403; x_wconf 91' lang='lat' dir='ltr'>est,</span> <span class='ocrx_word' id='word_1_159' title='bbox 462 1364 604 1394; x_wconf 86' lang='lat' dir='ltr'>centum</span> <span class='ocrx_word' id='word_1_160' title='bbox 621 1360 686 1393; x_wconf 90' lang='lat' dir='ltr'>sibi</span> <span class='ocrx_word' id='word_1_161' title='bbox 702 1371 840 1404; x_wconf 89' lang='lat' dir='ltr'>poscere</span> <span class='ocrx_word' id='word_1_162' title='bbox 856 1371 965 1404; x_wconf 66' lang='lat' dir='ltr'>voceS,</span> 
     </span>
     <span class='ocr_line' id='line_1_26' title="bbox 33 1405 989 1450; baseline 0 -11"><span class='ocrx_word' id='word_1_163' title='bbox 33 1405 182 1440; x_wconf 87' lang='lat' dir='ltr'>Centum</span> <span class='ocrx_word' id='word_1_164' title='bbox 198 1417 258 1440; x_wconf 91' lang='lat' dir='ltr'>ora</span> <span class='ocrx_word' id='word_1_165' title='bbox 273 1411 309 1439; x_wconf 89' lang='lat' dir='ltr'>et</span> <span class='ocrx_word' id='word_1_166' title='bbox 325 1406 463 1450; x_wconf 87' lang='lat' dir='ltr'>linguas</span> <span class='ocrx_word' id='word_1_167' title='bbox 480 1411 599 1450; x_wconf 87' lang='lat' dir='ltr'>optare</span> <span class='ocrx_word' id='word_1_168' title='bbox 615 1406 653 1439; x_wconf 89' lang='lat' dir='ltr'>in</span> <span class='ocrx_word' id='word_1_169' title='bbox 670 1406 823 1439; x_wconf 87' lang='lat' dir='ltr'>carmina</span> <span class='ocrx_word' id='word_1_170' title='bbox 840 1410 989 1449; x_wconf 87' lang='lat' dir='ltr'>centum,</span> 
     </span>
     <span class='ocr_line' id='line_1_27' title="bbox 32 1451 878 1496; baseline -0.001 -11"><span class='ocrx_word' id='word_1_171' title='bbox 32 1451 168 1485; x_wconf 83' lang='lat' dir='ltr'>Fabula</span> <span class='ocrx_word' id='word_1_172' title='bbox 185 1463 245 1485; x_wconf 86' lang='lat' dir='ltr'>seu</span> <span class='ocrx_word' id='word_1_173' title='bbox 261 1457 382 1485; x_wconf 83' lang='lat' dir='ltr'>moesto</span> <span class='ocrx_word' id='word_1_174' title='bbox 399 1458 550 1496; x_wconf 87' lang='lat' dir='ltr'>ponatur</span> <span class='ocrx_word' id='word_1_175' title='bbox 566 1451 697 1485; x_wconf 82' lang='lat' dir='ltr'>hianda</span> <span class='ocrx_word' id='word_1_176' title='bbox 713 1452 878 1494; x_wconf 87' lang='lat' dir='ltr'>tragoedo,</span> 
     </span>
     <span class='ocr_line' id='line_1_28' title="bbox 33 1496 1007 1540; baseline 0.001 -10"><span class='ocrx_word' id='word_1_177' title='bbox 33 1496 188 1531; x_wconf 84' lang='lat' dir='ltr'>Vulnera</span> <span class='ocrx_word' id='word_1_178' title='bbox 205 1509 265 1530; x_wconf 90' lang='lat' dir='ltr'>seu</span> <span class='ocrx_word' id='word_1_179' title='bbox 282 1497 405 1530; x_wconf 72' lang='lat' dir='ltr'>Parthi</span> <span class='ocrx_word' id='word_1_180' title='bbox 422 1497 581 1530; x_wconf 86' lang='lat' dir='ltr'>ducentis</span> <span class='ocrx_word' id='word_1_181' title='bbox 598 1497 641 1530; x_wconf 89' lang='lat' dir='ltr'>ab</span> <span class='ocrx_word' id='word_1_182' title='bbox 658 1497 802 1540; x_wconf 85' lang='lat' dir='ltr'>inguine</span> <span class='ocrx_word' id='word_1_183' title='bbox 818 1497 1007 1531; x_wconf 84' lang='lat' dir='ltr'>ferrum.—</span> 
     </span>
    </p>
   </div>
   <div class='ocr_carea' id='block_1_6' title="bbox 34 1542 1078 1724">
    <p class='ocr_par' dir='ltr' id='par_1_8' title="bbox 34 1542 1078 1724">
     <span class='ocr_line' id='line_1_29' title="bbox 80 1542 1078 1586; baseline 0.001 -11"><span class='ocrx_word' id='word_1_184' title='bbox 80 1544 99 1559; x_wconf 89' lang='lat'>“</span> <span class='ocrx_word' id='word_1_185' title='bbox 112 1543 283 1584; x_wconf 86' lang='lat' dir='ltr'>Quorsum</span> <span class='ocrx_word' id='word_1_186' title='bbox 300 1542 396 1576; x_wconf 73' lang='lat' dir='ltr'>haec?</span> <span class='ocrx_word' id='word_1_187' title='bbox 422 1547 484 1575; x_wconf 87' lang='lat' dir='ltr'>aut</span> <span class='ocrx_word' id='word_1_188' title='bbox 501 1547 648 1586; x_wconf 86' lang='lat' dir='ltr'>quantas</span> <span class='ocrx_word' id='word_1_189' title='bbox 665 1543 798 1576; x_wconf 89' lang='lat' dir='ltr'>robusti</span> <span class='ocrx_word' id='word_1_190' title='bbox 816 1543 977 1576; x_wconf 87' lang='lat' dir='ltr'>carminis</span> <span class='ocrx_word' id='word_1_191' title='bbox 994 1542 1078 1577; x_wconf 82' lang='lat' dir='ltr'>offas</span> 
     </span>
     <span class='ocr_line' id='line_1_30' title="bbox 35 1587 813 1632; baseline 0.001 -12"><span class='ocrx_word' id='word_1_192' title='bbox 35 1587 180 1631; x_wconf 89' lang='lat' dir='ltr'>Ingeris‚</span> <span class='ocrx_word' id='word_1_193' title='bbox 197 1593 239 1621; x_wconf 90' lang='lat' dir='ltr'>ut</span> <span class='ocrx_word' id='word_1_194' title='bbox 256 1599 319 1632; x_wconf 87' lang='lat' dir='ltr'>par</span> <span class='ocrx_word' id='word_1_195' title='bbox 336 1588 384 1621; x_wconf 90' lang='lat' dir='ltr'>cit</span> <span class='ocrx_word' id='word_1_196' title='bbox 402 1592 546 1621; x_wconf 88' lang='lat' dir='ltr'>centeno</span> <span class='ocrx_word' id='word_1_197' title='bbox 564 1592 707 1631; x_wconf 91' lang='lat' dir='ltr'>gutture</span> <span class='ocrx_word' id='word_1_198' title='bbox 725 1588 813 1622; x_wconf 68' lang='lat' dir='ltr'>niti?</span> 
     </span>
     <span class='ocr_line' id='line_1_31' title="bbox 35 1633 881 1677; baseline 0.001 -11"><span class='ocrx_word' id='word_1_199' title='bbox 35 1633 173 1666; x_wconf 86' lang='lat' dir='ltr'>Grande</span> <span class='ocrx_word' id='word_1_200' title='bbox 185 1633 366 1677; x_wconf 86' lang='lat' dir='ltr'>loquuturi</span> <span class='ocrx_word' id='word_1_201' title='bbox 382 1633 526 1667; x_wconf 87' lang='lat' dir='ltr'>nebulas</span> <span class='ocrx_word' id='word_1_202' title='bbox 544 1634 711 1667; x_wconf 87' lang='lat' dir='ltr'>Helicone</span> <span class='ocrx_word' id='word_1_203' title='bbox 728 1634 881 1677; x_wconf 87' lang='lat' dir='ltr'>legunto,</span> 
     </span>
     <span class='ocr_line' id='line_1_32' title="bbox 34 1678 998 1724; baseline 0.001 -11"><span class='ocrx_word' id='word_1_204' title='bbox 34 1678 72 1713; x_wconf 86' lang='lat' dir='ltr'>Si</span> <span class='ocrx_word' id='word_1_205' title='bbox 89 1678 214 1723; x_wconf 84' lang='lat' dir='ltr'>quibus</span> <span class='ocrx_word' id='word_1_206' title='bbox 230 1683 293 1712; x_wconf 89' lang='lat' dir='ltr'>aut</span> <span class='ocrx_word' id='word_1_207' title='bbox 309 1679 471 1723; x_wconf 86' lang='lat' dir='ltr'>Prognes,</span> <span class='ocrx_word' id='word_1_208' title='bbox 488 1683 551 1712; x_wconf 88' lang='lat' dir='ltr'>aut</span> <span class='ocrx_word' id='word_1_209' title='bbox 568 1679 597 1712; x_wconf 91' lang='lat' dir='ltr'>si</span> <span class='ocrx_word' id='word_1_210' title='bbox 613 1678 737 1723; x_wconf 81' lang='lat' dir='ltr'>quibus</span> <span class='ocrx_word' id='word_1_211' title='bbox 755 1680 823 1714; x_wconf 88' lang='lat' dir='ltr'>olla</span> <span class='ocrx_word' id='word_1_212' title='bbox 839 1680 998 1724; x_wconf 79' lang='lat' dir='ltr'>Thyestae</span> 
     </span>
    </p>
   </div>
   <div class='ocr_carea' id='block_1_7' title="bbox 108 1733 1032 1770">
    <p class='ocr_par' dir='ltr' id='par_1_9' title="bbox 108 1733 1032 1770">
     <span class='ocr_line' id='line_1_33' title="bbox 108 1733 1032 1770; baseline 0.001 -9"><span class='ocrx_word' id='word_1_213' title='bbox 108 1739 118 1752; x_wconf 83' lang='lat'>⁸</span> <span class='ocrx_word' id='word_1_214' title='bbox 137 1736 221 1770; x_wconf 73' lang='lat' dir='ltr'>frigas</span> <span class='ocrx_word' id='word_1_215' title='bbox 441 1743 453 1755; x_wconf 76' lang='lat'>⁸</span> <span class='ocrx_word' id='word_1_216' title='bbox 471 1744 555 1769; x_wconf 86' lang='lat' dir='ltr'>prope</span> <span class='ocrx_word' id='word_1_217' title='bbox 568 1739 594 1761; x_wconf 85' lang='lat' dir='ltr'>te</span> <span class='ocrx_word' id='word_1_218' title='bbox 607 1736 717 1770; x_wconf 80' lang='lat' dir='ltr'>ignotus</span> <span class='ocrx_word' id='word_1_219' title='bbox 902 1733 914 1751; x_wconf 51' lang='grc' dir='ltr'>δ</span> <span class='ocrx_word' id='word_1_220' title='bbox 933 1740 961 1762; x_wconf 83' lang='lat' dir='ltr'>et</span> <span class='ocrx_word' id='word_1_221' title='bbox 972 1745 1032 1763; x_wconf 85' lang='lat' dir='ltr'>nor.</span> 
     </span>
    </p>
   </div>
  </div>
 </body>
</html>
