1284 1922
93 59 138 90 64
380 57 424 91 Ι).
453 56 587 91 JUNH
611 55 879 91 JUVENALIS

95 122 245 156 Praemia
261 125 393 167 quanta
408 122 514 156 bonos
531 126 706 166 maneant,
725 134 829 168 quam
844 124 991 157 fulmine
1003 124 1100 167 justo

95 169 142 202 Et
160 169 283 213 Capito
301 172 336 201 et
352 168 516 201 Numitor
532 169 676 212 ruerint,
693 169 883 202 damnante
900 168 1042 213 Senatu,

95 214 225 248 Piratae
244 214 401 247 Cilicum.
450 214 518 247 Sed
535 215 618 258 quid
635 215 813 248 damnatio
831 215 974 257 confert,

96 260 214 300 Quum
231 259 346 293 Pansa
363 259 499 303 eripiat,
517 260 688 304 quidquid
705 261 771 293 tibi
787 260 897 294 Natta
914 260 1084 304 reliquit?

95 306 306 348 Praeconem,
324 305 516 349 Chaerippe,
533 306 605 339 tuis
623 306 848 350 circumspice
865 307 1000 350 pannis,

96 351 249 395 Jamque
265 354 360 384 tace:
385 351 482 384 furor
498 355 550 384 est
567 355 645 395 post
662 352 778 385 omnia
794 352 937 395 perdere
953 352 1108 385 naulum.

96 396 176 430 Non
192 397 286 429 idem
302 397 455 439 gemitus
472 397 565 440 olim,
582 409 695 441 neque
713 398 837 430 vulnus
855 401 930 430 erat
947 409 1010 441 par

95 442 323 485 Damnorum,
341 442 439 475 sociis
456 442 658 476 florentibus
675 447 710 476 et
726 443 828 476 modo
845 443 956 476 victis.

96 488 206 521 Plena
224 488 346 521 domus
362 491 448 521 tunc
466 489 586 531 omnis,
604 492 640 522 et
656 489 779 532 ingens
797 489 911 521 stabat
928 500 1071 524 acervus
1152 490 1218 522 100

96 534 339 573 Nummorum,
357 533 530 577 Spartana
547 534 714 577 chlamys,
732 534 915 578 conchylia
933 534 1011 577 Coa,

96 579 144 612 Et
161 591 242 612 cum
258 579 435 612 Parrhasii
452 579 582 612 tabulis
600 579 776 623 signisque
793 580 950 622 Myronis

98 625 306 658 Phidiacum
322 625 463 658 vivebat
480 625 565 658 ebur
575 638 584 666 3
609 637 673 658 nec
689 637 760 658 non
777 625 947 669 Polycleti

98 670 236 704 Multus
253 669 384 714 ubique
400 670 516 711 labor;
541 682 628 704 rarae
647 671 719 704 sine
737 671 895 704 Mentore
911 682 1049 705 mensae.

98 716 186 749 Inde
203 716 385 749 Dolabella
402 720 453 749 est
470 720 576 759 atque
592 717 675 750 hinc
693 717 874 759 Antonius,
891 717 974 750 inde

97 761 294 805 Sacrilegus
312 762 452 795 Verres:
474 762 672 796 referebant
688 763 836 795 navibus
853 763 934 796 altis

100 808 246 841 Occulta
263 807 372 851 spolia
390 811 425 840 et
441 808 558 852 plures
576 809 618 841 de
635 820 720 852 pace
737 809 941 852 triumphos.

98 853 202 887 Nunc
220 853 318 886 sociis
331 854 419 896 juga
435 865 547 897 pauca
564 854 678 895 boum,
696 865 782 897 grex
799 866 926 898 parvus
943 865 1121 898 equarum,

98 899 146 932 Et
162 902 262 942 pater
279 899 428 932 armenti
445 903 547 943 capto
565 900 733 943 eripietur
749 900 861 943 agello
876 913 885 941 ;

100 944 174 988 Ipsi
191 944 316 977 deinde
334 943 447 987 Lares,
466 945 494 977 si
511 945 603 988 quod
621 945 809 988 spectabile
826 946 972 988 signum,
1155 946 1221 978 110

100 990 137 1024 Si
154 990 231 1034 quis
248 990 286 1022 in
304 989 451 1023 aedicula
467 990 561 1024 Deus
579 991 714 1024 unicus
756 991 844 1024 Haec
861 991 991 1024 etenim
1008 993 1091 1024 sunt

99 1035 166 1068 Pro
185 1035 328 1068 summis
343 1047 349 1068 :
374 1047 457 1069 nam
475 1040 556 1069 sunt
572 1037 647 1069 haec
663 1036 828 1070 maxima.
868 1036 1046 1080 Despicias
1063 1039 1105 1070 tu

99 1081 261 1114 Forsitan
277 1081 433 1115 imbelles
451 1082 603 1115 Rhodios
620 1086 832 1126 unctamque
850 1082 1078 1117 Corinthum:

99 1127 279 1171 Despicias
295 1128 428 1161 merito.
472 1128 563 1168 Quid
580 1128 733 1161 resinata
745 1129 923 1172 juventus,

101 1172 277 1216 Cruraque
294 1174 402 1205 totius
419 1173 550 1206 facient
568 1173 633 1206 tibi
650 1173 741 1206 levia
757 1174 872 1216 gentis
887 1173 899 1207 2

100 1218 253 1252 Horrida
269 1218 414 1251 vitanda
431 1222 483 1251 est
501 1219 682 1262 Hispania,
701 1219 854 1252 Gallicus
871 1220 947 1252 axis

101 1264 351 1307 Illyricumque
368 1264 461 1297 latus
476 1276 483 1297 :
508 1276 611 1308 parce
629 1269 663 1297 et
680 1265 885 1298 messoribus
902 1265 983 1308 illis,

101 1309 170 1350 Qui
187 1314 346 1342 saturant
364 1310 494 1353 urbem,
511 1310 607 1343 Circo
626 1321 805 1353 scenaeque
822 1314 1014 1344 vacantem.

102 1355 242 1396 Quanta
258 1359 376 1388 autem
393 1355 475 1388 inde
492 1355 579 1388 feres
597 1360 670 1388 tam
688 1357 772 1389 dirae
790 1356 934 1400 praemia
951 1356 1074 1400 culpae,

102 1401 217 1441 Quum
235 1405 357 1434 tenues
374 1413 485 1445 nuper
503 1401 635 1434 Marius
653 1402 859 1435 discinxerit
875 1402 999 1437 Afros!
1155 1403 1222 1435 120

102 1446 330 1479 Curandum
320 1447 500 1498 imprimis,
517 1459 561 1480 ne
577 1458 706 1490 magna
723 1447 851 1491 injuria
867 1447 930 1481 fiat

101 1491 168 1524 For
171 1492 263 1525 tibus
281 1496 316 1525 et
332 1493 486 1525 miseris:
512 1493 615 1526 tollas
632 1493 715 1525 licet
733 1504 842 1536 omne,
861 1493 951 1537 quod
969 1504 1116 1537 usquam
1132 1495 1185 1526 est

101 1537 190 1570 Auri
206 1541 311 1581 atque
328 1539 476 1581 argenti,
495 1541 631 1571 scutum
649 1538 875 1582 gladiumque
891 1539 1092 1582 relinquens

100 1583 148 1616 Et
160 1583 280 1627 jacula
298 1587 332 1616 et
349 1584 485 1626 galeam
500 1596 506 1616 :
526 1584 681 1627 spoliatis
699 1596 795 1617 arma
813 1588 1006 1628 supersunt.

148 1629 246 1669 Quod
263 1629 364 1662 modo
382 1629 553 1673 proposui,
572 1641 641 1662 non
659 1634 710 1662 est
728 1630 918 1664 sententia:
943 1642 1066 1664 verum

101 1674 239 1707 Credite
255 1686 311 1707 me
328 1674 424 1707 vobis
441 1675 565 1707 folium
582 1675 727 1708 recitare
745 1675 896 1719 Sibyllae.

100 1719 136 1753 Si
154 1720 218 1753 tibi
237 1724 357 1754 sancta
375 1720 494 1753 cohors
511 1721 687 1765 comitum,
705 1721 734 1756 si
750 1733 850 1755 nemo
868 1720 1023 1755 tribunal
