1284 1922
487 98 657 133 SATIRA
684 97 746 133 VI.
1134 98 1179 129 43

54 164 208 200 Grandia
224 176 300 210 quae
316 165 441 199 mediis
453 167 530 210 jam
546 167 707 200 noctibus
725 169 838 199 ostrea
854 164 999 208 mordet,

0 212 1 215 ’
53 211 170 252 Quum
186 212 327 256 perfusa
342 223 437 245 mero
455 216 621 256 spumant
637 215 822 256 unguenta
839 211 998 254 Falerno,

52 257 169 298 Quum
185 258 320 292 bibitur
337 258 479 301 concha,
498 269 605 302 quum
617 259 694 302 jam
711 258 884 301 vertigine
902 261 1038 290 tectum

49 302 229 347 Ambulat,
247 308 282 337 et
299 304 449 347 geminis
466 304 625 347 exsurgit
641 315 762 337 mensa
778 303 942 336 lucernis.

48 348 68 381 Ι
85 360 179 383 nunc
196 354 232 383 et
249 349 382 393 dubita,
401 360 471 394 qua
489 349 625 383 sorbeat
641 361 722 383 aera
740 360 850 382 sanna

48 394 174 438 Tullia,
192 395 277 438 quid
294 396 390 429 dicat
406 400 497 428 notae
514 395 694 429 collactiaf
707 395 852 438 Manrae,

46 439 175 474 Maura
191 441 377 475 Pudicitiae
394 445 548 475 veterem
566 452 676 484 quum
692 441 849 485 praeterit
867 451 972 474 aram.

45 485 217 520 Noctibus
234 487 292 520 hic
309 492 447 532 ponunt
464 487 616 530 lecticas,
633 487 845 520 micturiunt
861 486 920 519 hic

44 530 276 577 Effigiemque
292 533 375 567 Deae
391 533 505 577 longis
523 532 727 577 siphonibus
744 532 904 576 implent,
1106 533 1174 564 310

45 577 158 621 Inque
175 579 268 612 vices
285 580 448 623 equitant
464 591 506 612 ac
522 579 624 612 Luna
639 583 730 612 teste
746 583 942 612 moventur.

45 623 134 657 Inde
151 624 270 658 domos
287 625 419 659 abeunt
434 638 440 659 :
467 629 509 658 tu
526 625 639 658 calcas
656 625 735 658 luce
751 636 890 658 reversa

44 668 209 713 Conjugis
227 671 366 704 urinam
381 682 527 714 magnos
544 671 684 704 visurus
702 671 840 704 amicos.

41 714 136 748 Nota
152 716 258 750 Bonae
276 721 408 751 secreta
424 717 517 760 Deae,
536 728 647 760 quum
664 716 751 750 tibia
767 716 904 749 lumbos

42 760 176 795 Incitat
193 767 228 796 et
246 774 352 797 cornu
368 763 500 808 pariter
516 763 667 806 vinoque
683 763 848 795 feruntur

41 806 221 852 Attonitae,
239 810 439 854 crinemque
456 812 575 842 rotant
591 808 801 852 ululantque
818 807 939 851 Priapi

40 851 230 889 Maenades.
280 855 308 889 O
326 859 480 899 quantus
498 859 586 888 tunc
602 855 672 887 illis
688 854 866 887 mentibus
884 853 986 886 ardor

42 898 254 934 Concubitus
270 903 276 936 !
305 912 383 945 quae
400 913 468 935 vox
486 901 638 934 saltante
655 900 801 933 libidine
817 903 823 935 ἔ
851 904 1004 943 quantus

41 944 107 978 Ille
122 947 210 979 meri
226 947 354 981 veteris
370 959 432 992 per
449 959 551 980 crura
566 946 747 980 madentia
763 950 897 979 torrens
912 948 919 980 l

39 990 222 1026 Len-onum
239 993 384 1027 ancillas
400 993 514 1037 posita
531 992 672 1027 Saufeia
689 1003 814 1025 corona
1101 992 1169 1024 320

39 1035 210 1072 Provocat
228 1043 263 1072 et
280 1039 374 1073 tollit
390 1039 574 1083 pendentis
591 1038 735 1082 praemia
752 1049 846 1071 coxae
862 1050 869 1072 ε

39 1082 122 1126 Ipsa
138 1084 344 1118 Medullinae
361 1085 510 1118 fluctum
528 1084 705 1118 crissantis
722 1084 854 1118 adorat.

38 1127 198 1163 Palmam
215 1131 308 1164 inter
325 1131 482 1165 dominas
500 1131 612 1164 virtus
629 1129 807 1163 natalibus
825 1132 950 1173 aequat.

37 1173 99 1208 Nil
114 1175 164 1209 ibi
180 1188 242 1221 per
259 1177 386 1210 ludum
403 1176 628 1210 simulabitur
642 1188 649 1209 ε
675 1176 792 1209 omnia
809 1176 896 1209 fient

36 1220 94 1254 Ad
112 1234 240 1266 verum,
258 1223 384 1267 quibus
401 1223 542 1256 incendi
554 1223 630 1266 jam
646 1222 797 1266 frigidus
815 1233 887 1256 aevo

36 1266 347 1303 Laomedontiades
365 1273 400 1303 et
417 1269 573 1303 Nestoris
589 1268 713 1302 hernia
729 1268 847 1312 possit.

36 1313 135 1347 Tunc
152 1316 295 1359 prurigo
311 1326 415 1349 morae
431 1315 630 1359 impatiens,
647 1318 734 1347 tunc
750 1314 883 1347 femina
900 1312 1058 1358 simpleX.

36 1359 72 1393 It
89 1364 186 1394 totog
201 1362 334 1405 pariter
349 1362 520 1405 repetitus
538 1361 668 1394 clamor
684 1359 728 1393 ab
745 1364 846 1393 antro
860 1371 867 1393 :

37 1409 58 1423 “
70 1406 154 1440 Jam
170 1406 223 1440 fas
240 1411 293 1440 est
307 1419 315 1447 ;
341 1407 492 1441 admitte
508 1407 599 1441 viros
615 1406 646 1440 !”
695 1407 721 1440 J
722 1419 781 1440 am
798 1406 927 1439 dormit
943 1405 1092 1439 adulter.

35 1451 104 1485 Illa
115 1453 220 1495 jubet
236 1457 351 1487 sumto
363 1454 532 1497 juvenem
548 1462 733 1496 properare
749 1451 896 1484 cucullo,
1094 1451 1162 1484 330

34 1497 71 1531 Si
88 1498 178 1531 nihil
195 1502 256 1542 est,
275 1500 383 1532 servis
400 1499 601 1532 incurritur.
650 1496 847 1530 Abstuleris
865 1507 962 1539 spem

33 1543 228 1588 Servorum,
246 1545 344 1579 venit
361 1549 396 1578 et
413 1544 606 1578 conductus
623 1543 798 1587 aquarius.
847 1542 917 1575 Hic
935 1542 965 1575 si

34 1591 212 1632 Quaeritur
227 1595 263 1625 et
280 1592 407 1625 desunt
423 1590 591 1632 homines,
608 1600 704 1622 mora
720 1588 820 1621 nulla
836 1599 898 1632 per
913 1587 1037 1632 ipsam,

34 1638 110 1678 Quo
126 1638 243 1670 minus
259 1637 421 1681 imposito
439 1636 579 1669 clunem
596 1635 795 1668 summittat
812 1633 928 1667 asello.

31 1683 150 1727 Atque
166 1684 305 1722 utinam
320 1683 411 1716 ritus
428 1687 561 1715 veteres
579 1685 614 1715 et
630 1680 772 1725 publica
789 1680 912 1713 saltem

32 1729 98 1764 His
114 1730 251 1767 intacta
266 1729 368 1762 malis
385 1732 574 1773 agerentur
591 1738 688 1761 sacra
702 1729 709 1762 ἔ
736 1726 796 1760 sed
814 1737 932 1759 omnes

260 1782 268 1798 ¹
280 1784 416 1809 collactea
797 1784 810 1803 ς
828 1781 868 1806 Et
879 1783 936 1805 toto
