1284 1922
460 57 630 91 SATIRA
647 56 749 91 VIII.
1121 57 1164 87 69

92 121 187 155 Malo
203 125 303 166 pater
319 121 384 155 tibi
401 121 446 154 sit
463 121 645 164 Thersites,
663 121 849 154 dummodo
866 124 907 154 tu
924 121 969 154 sis

46 167 201 200 AEacidce
219 167 340 200 similis
358 167 598 210 Vulcaniaque
616 179 712 200 arma
729 178 894 210 capessas,
1097 165 1165 199 270

48 213 162 254 Quam
178 218 213 246 te
231 213 397 246 Thersitae
415 213 563 245 similem
581 213 751 256 producat
768 213 934 246 Achilles.

45 257 93 292 Et
110 262 237 301 tamen,
255 263 296 291 ut
313 258 414 301 longe
431 263 566 302 repetas
585 259 754 301 longeque
771 258 926 291 revolvas

46 303 191 346 Nomen,
209 303 252 337 ab
269 304 393 337 infami
409 308 549 347 gentem
566 304 708 336 deducis
725 303 831 346 asylo.

46 348 222 392 Majorum
239 350 371 393 primus
389 350 545 393 quisquis
562 349 632 381 fujt
648 349 708 381 ille
725 353 875 391 tuorum,

47 394 122 428 Aut
137 399 256 439 pastor
271 395 342 428 fuit
358 400 421 428 aut
437 395 537 438 illud,
555 395 648 439 quod
665 394 778 427 dicere
795 394 883 427 nolo.

523 541 695 552 mmm

439 669 668 707 SATIRA
695 669 768 707 IX.

51 769 162 804 Sem-‚2
179 769 296 812 velim,
315 780 420 813 quare
436 769 539 802 toties
555 768 654 811 mihi,
672 767 824 811 Naevole‚
841 767 951 801 tristis

53 816 220 848 Occurras
237 815 352 848 fronte
369 815 528 857 obducta,
547 826 612 848 ceu
629 814 770 857 Marsya
786 814 910 847 vietus.

53 860 145 902 Quid
163 861 228 894 tibi
245 872 323 894 cum
340 861 454 903 vultu,
472 860 611 904 qualem
629 860 818 903 deprensus
836 859 988 892 habebat

53 905 195 947 Ravola‚
213 906 298 939 dum
315 906 497 949 Rhodopes
513 906 584 938 uda
602 905 684 938 terit
700 905 848 948 inguina
864 904 995 938 barba?

53 951 124 985 Nos
141 952 327 996 colaphum
343 952 535 984 incutimus
552 950 721 984 lambenti
739 950 896 983 crustula
913 961 1019 984 servo.

53 996 133 1030 Non
150 1001 224 1030 erat
241 997 306 1030 hae
322 997 413 1030 facie
429 996 657 1030 miserabilior
674 996 874 1040 Crepereius

55 1042 176 1085 Pollio,
193 1042 253 1086 qui
269 1042 443 1086 triplicem
459 1053 603 1075 usuram
620 1045 784 1086 praestare
800 1044 944 1085 paratus

56 1088 187 1122 Circuit
204 1092 239 1121 et
255 1087 371 1121 fatuos
388 1099 458 1120 non
474 1087 619 1121 invenit.
660 1087 762 1120 Unde
778 1090 921 1130 repente

56 1133 122 1167 Tot
138 1133 256 1177 rugae'3
282 1137 374 1166 certe
389 1133 523 1166 modico
541 1136 725 1166 contentus
742 1131 868 1175 agebas

56 1178 209 1212 Vei-nam
226 1179 389 1222 equitem,
407 1178 552 1211 conviva
564 1179 642 1221 joco
659 1178 839 1211 mordente
855 1177 1000 1221 facetus,
1133 1178 1177 1211 10

57 1224 104 1258 Et
121 1224 250 1257 salibus
267 1224 452 1258 vehemens
468 1224 562 1257 intra
578 1224 733 1267 pomeria
749 1223 851 1257 natis.

59 1270 184 1303 Omnia
199 1281 293 1303 nunc
310 1274 447 1303 contra:
473 1270 593 1303 vultus
611 1269 735 1312 gravis
753 1268 893 1302 horrida
910 1269 1007 1302 siccae

58 1315 154 1349 Silva
170 1327 286 1358 eomae,
303 1315 421 1348 nullus
438 1319 513 1348 tota
528 1315 622 1348 nitor
638 1315 675 1347 in
693 1319 781 1355 cute,
800 1315 939 1358 qualem

58 1361 200 1394 Bruttia
216 1361 406 1404 praestabat
423 1360 527 1393 calidi
544 1360 610 1393 tibi
626 1360 735 1393 fascia
751 1360 858 1393 visci:

59 1406 127 1439 Sed
143 1407 333 1439 fruticante
350 1406 421 1450 pilo
437 1406 598 1448 neglecta
615 1408 650 1438 et
667 1405 827 1448 squalida
843 1416 954 1439 crura.

61 1451 154 1492 Quid
169 1452 296 1485 macies
314 1452 399 1494 aegri
416 1451 552 1493 veteris,
570 1462 674 1494 quem
691 1455 845 1494 tempore
862 1451 965 1493 longo

60 1497 181 1530 Torret
197 1502 323 1541 quarta
340 1497 422 1539 dies,
440 1497 591 1540 olimque
608 1496 796 1529 domestica
811 1495 938 1529 febris'l

60 1542 263 1586 Deprendas
281 1542 389 1576 animi
407 1546 581 1575 tormenta
598 1541 740 1574 latentis
757 1542 795 1574 in
812 1552 903 1585 {egro

62 1587 218 1632 Corpore,
235 1588 427 1632 deprendas
445 1592 480 1620 et
497 1587 644 1630 gaudia:
671 1587 778 1620 sumit
796 1591 984 1631 utrumque

63 1632 152 1666 Inde
168 1633 329 1666 habitum
345 1633 462 1667 facies.
504 1633 619 1676 Igitur
634 1632 771 1666 flexisse
788 1632 915 1666 videris
1136 1633 1182 1665 20

64 1677 286 1722 Propositum
302 1683 337 1712 et
353 1679 435 1712 vitae
453 1679 647 1712 contrarius
664 1678 714 1711 ire
731 1678 846 1722 priori.

63 1723 185 1769 Nuper
201 1724 305 1768 enim,
320 1727 362 1758 ut
377 1728 505 1769 repeto,
522 1725 646 1758 fanum
663 1724 766 1757 Isidis
782 1727 818 1757 et
835 1723 1072 1768 Ganymedem
