1284 1922
502 75 672 110 SATIRA
691 75 718 110 1.
1103 78 1169 111 123

50 143 214 178 Laudant
231 142 402 177 convivae:
427 153 520 176 nunc
537 154 607 176 non
623 154 642 176 e
659 141 820 176 manibus
837 141 917 186 illis,

49 190 82 223 N
86 202 153 224 unc
169 201 239 223 non
256 200 274 223 e
291 189 428 223 tumulo
444 189 693 231 fortunataque
709 188 832 222 favilla

48 236 82 269 N
84 239 247 270 aseentur
263 234 386 269 violae‘l
416 234 436 252 “
450 232 585 275 Rides?
602 232 663 275 ait,
682 233 701 250 “
713 236 748 266 et
765 232 869 265 nimis
885 231 984 266 uncis
1121 236 1167 268 40

47 281 199 315 Naribus
217 280 387 333 indulges.
412 291 458 315 an
475 280 542 314 erit
558 280 619 324 qui
636 279 725 314 velle
740 283 876 314 recuset

49 327 95 360 Os
111 327 233 372 populi
249 326 424 369 meruisse,
441 329 477 359 et
494 325 595 359 cedro
612 325 720 368 digna
735 325 913 369 loquutus,

48 372 221 417 Linquere
237 383 301 406 nec
318 353 489 405 scombros
505 371 701 405 metuentia
717 371 881 413 carmina,
899 383 963 406 nec
980 371 1115 406 thus'l‘’
1121 390 1168 397 —

96 418 260 462 Quisquis
277 429 321 460 es,
340 417 378 461 O,
395 417 497 452 modo
515 428 619 461 quem
636 428 681 450 ex
697 417 840 450 adverso
857 398 971 451 dicere
987 418 1065 461 feci,

47 463 82 498 N
83 475 127 497 on
143 475 216 508 ego,
233 475 343 508 quum
359 463 478 506 scribo,
496 463 525 496 si
540 463 629 497 forte
646 462 732 507 quid
749 463 866 507 aptius
882 463 966 507 exit,

49 510 287 554 Quamquam
302 509 377 543 haec
393 520 472 543 rara
488 509 562 543 avis
579 513 641 552 est,
659 509 688 542 si
705 509 790 553 quid
807 513 925 543 tamen
942 509 1060 554 aptius
1077 509 1161 552 exit,

49 555 201 589 Laudari
217 559 391 589 metuam:
416 566 530 599 neque
546 555 640 589 enim
656 555 745 588 mihi
761 566 884 589 cornea
899 555 987 589 fibra
1003 559 1074 589 est:

49 601 117 634 Sed
133 601 221 634 recti
237 601 412 645 finemque
428 606 694 644 extremumque
711 611 784 634 esse
799 612 919 635 recuso

48 647 148 691 Euqe
164 651 265 680 tuum
282 650 317 680 et
334 646 419 680 belle.
467 646 559 680 Nam
575 646 665 680 belle
681 646 746 680 hoc
763 650 888 680 excute
904 650 1028 690 totum,

50 693 143 734 Quid
160 704 230 726 non
247 692 344 726 intus
360 692 489 726 habet?
537 692 617 726 Non
633 692 691 725 hic
709 696 761 726 est
778 693 861 726 Ilias
878 692 965 726 Acci
1121 694 1167 725 50

0 748 1 752 ¹
49 738 156 772 Ebria
173 737 331 772 veratro?
356 749 435 781 non,
454 738 483 771 si
500 749 569 782 qua
586 738 735 782 elegidia
751 738 852 772 crudi

0 797 1 801 ¹
49 784 239 817 Dictarunt
256 765 435 828 proceres?
457 795 537 825 non,
556 784 723 828 quicquid
740 783 889 828 denique
905 783 1005 817 lectis

50 829 220 863 Scribitur
232 830 271 862 in
287 829 426 864 citreis?
475 829 636 863 Calidum
652 829 718 863 scis
735 841 862 873 ponere
879 841 1011 873 sumen,

50 875 124 909 Scis
141 876 303 910 comitem
318 875 537 909 horridulum
553 875 639 909 trita
655 875 783 909 donare
799 875 948 918 lacerna,

50 921 108 964 Et,
126 921 265 964 Verum,
281 921 407 965 inquis,
424 932 521 962 am03
546 932 664 954 verum
680 921 768 954 mihi
785 921 890 954 dicite
907 921 950 954 de
966 932 1030 955 me.

52 966 121 1008 Qui
137 966 241 1011 pote?
290 966 351 1000 Vis
368 966 505 1000 dicam?
530 967 684 1010 nugaris,
701 978 811 1011 quum
827 966 902 1009 tibi,
920 967 1028 1011 calve,

51 1012 197 1056 Pinguis
215 1012 433 1057 aqualiculus
449 1016 628 1057 protensos
646 1012 849 1057 sesquipede
865 1016 972 1047 extet.

53 1058 82 1092 Ο
99 1059 124 1092 J
126 1070 201 1101 ane,
218 1070 239 1092 a
255 1062 353 1102 tergo
370 1069 475 1102 quem
491 1058 589 1091 nulla
606 1058 738 1092 ciconia
754 1058 873 1102 pinsit,

52 1104 126 1137 Nec
143 1115 267 1138 manus
285 1104 459 1138 auriculas
475 1103 626 1137 imitarit
641 1103 778 1137 mobilis
795 1104 900 1148 albas,

52 1149 87 1183 N
88 1161 126 1184 ec
142 1149 282 1193 linguae,
300 1154 473 1194 quantum
490 1150 586 1183 sitiat
602 1150 698 1183 canis
715 1150 865 1194 Appula,
883 1154 1048 1184 tantumu
1065 1152 1072 1186 1
1122 1151 1166 1184 60

53 1195 133 1238 Vos,
150 1207 169 1228 o
185 1196 353 1240 patricius
371 1196 521 1239 sanguis,
539 1207 624 1239 quos
641 1196 757 1229 vivere
773 1195 826 1229 fas
843 1198 919 1230 est¹

54 1240 204 1285 Occipiti
220 1251 320 1284 caeco,
338 1241 477 1285 posticae
495 1241 664 1275 occurrite
682 1244 817 1277 sannae!

101 1287 184 1328 Quis
201 1287 321 1331 populi
338 1298 447 1320 sermo
465 1287 539 1321 est?
565 1287 642 1331 quis
659 1287 762 1327 enim,
779 1287 848 1320 nisi
864 1287 1019 1322 carmina
1034 1287 1132 1322 molli

52 1331 157 1366 Nunc
173 1332 314 1366 demum
330 1343 474 1366 numero
489 1332 606 1375 fluere,
623 1336 664 1366 ut
680 1344 740 1376 per
755 1333 832 1366 leve
848 1344 982 1366 severos

53 1378 223 1411 Effundat
234 1379 403 1422 junctura
418 1378 575 1421 ungues?
601 1378 666 1411 scit
682 1379 826 1413 tendere
840 1389 977 1412 versum

53 1424 87 1457 N
88 1435 132 1457 on
150 1435 246 1457 secus
263 1435 303 1457 ac
320 1424 349 1457 si
365 1423 464 1457 oculo
480 1423 655 1456 rubricam
672 1423 799 1470 dirigat
817 1435 896 1458 uno.

54 1469 134 1503 Sive
152 1481 238 1514 opus
255 1469 318 1502 iny
333 1480 453 1511 mores,
470 1469 508 1502 in
524 1469 650 1502 luxum
667 1473 702 1502 et
717 1453 865 1513 prandia
881 1481 1003 1514 regum

53 1514 188 1559 Dicere,
205 1526 258 1549 res
275 1515 423 1559 grandes
441 1519 558 1548 nostro
575 1515 636 1548 dat
653 1514 757 1549 Musa
773 1520 894 1559 poetae.

100 1561 198 1603 Ecce,
215 1562 316 1594 modo
333 1561 473 1594 heroosz
487 1572 606 1594 sensus
622 1560 743 1594 afferre
760 1561 922 1595 docemus

54 1606 88 1640 N
89 1606 189 1649 ugari
206 1606 323 1640 solitos
341 1607 466 1649 Graece,
483 1617 547 1640 nec
564 1617 689 1650 ponere
706 1606 825 1640 lucum
1073 1626 1075 1629 -
1125 1607 1168 1641 70

55 1652 225 1695 Artifices,
242 1663 307 1686 nec
322 1663 382 1686 rus
399 1656 557 1685 saturum
573 1652 726 1696 laudare,
743 1652 805 1686 ubi
822 1651 938 1686 corbes

94 1727 104 1739 ¹
121 1720 238 1750 Quando
336 1727 346 1740 ·
365 1727 499 1752 propenso
572 1724 582 1741 t
601 1720 709 1745 imitate.
722 1723 764 1746 est
836 1727 849 1740 n
867 1724 951 1747 tantae
1040 1723 1052 1736 ¹
1068 1716 1114 1755 jus
1128 1723 1170 1746 ρει

90 1760 102 1779 r
123 1757 152 1781 in
164 1764 206 1789 pr.
336 1761 346 1774 ¹
364 1756 462 1781 heroas
