1284 1922
492 68 663 104 SATIRA
689 67 749 102 VI.
1139 66 1183 98 39

58 140 114 175 Sit
129 140 290 182 formosa,
308 139 443 181 decens,
461 137 567 180 dives,
584 136 746 179 fecunda,
764 136 921 168 vetustos

31 200 33 202 ·
57 185 253 220 Porticibus
271 185 433 229 disponat
450 194 542 225 avos,
559 182 725 215 intactior
742 180 837 214 omni

58 231 219 266 Crinibus
236 231 353 264 effusis
369 229 501 263 bellum
518 229 703 261 dirimente
722 226 861 269 Sabina,

57 277 150 311 Rara
167 277 240 310 avis
258 277 295 309 in
312 276 412 309 terris
429 275 598 318 nigroque
615 273 794 306 simillima
812 282 942 315 cygno:

57 323 143 364 Quis
159 323 250 356 ferat
266 333 420 365 uxorem,
439 321 496 354 cui
514 323 676 353 constant
693 317 833 351 omnia?
874 316 980 359 Malo,

55 368 151 402 Malo
170 368 394 410 Venusinam,
413 377 517 410 quam
534 369 580 407 te,
601 364 763 399 Cornelia
779 369 889 396 mater

59 413 303 457 Gracchorum,
321 413 349 446 si
367 423 447 445 cum
462 411 599 455 magnis
616 409 808 443 virtutibus
826 409 926 441 affers

56 460 194 493 Grande
211 458 438 503 supercilium
455 461 490 490 et
507 467 671 490 numeras
688 456 726 488 in
743 455 824 488 dote
841 453 1048 497 triumphos.

54 505 150 538 Tolle
167 509 280 547 tuum,
299 515 428 548 precor,
446 502 684 536 Hannibalem
701 501 903 544 victumque
920 499 1117 543 Syphacem

55 550 99 584 In
116 551 238 584 castris
256 554 291 583 et
309 561 389 582 cum
406 552 481 582 tota
499 548 711 590 Carthagine
727 546 860 589 migra!
1113 544 1181 578 170

59 596 79 612 “
92 594 208 637 Parce,
225 605 354 638 precor,
371 593 487 632 Paean,
505 596 540 625 et
556 596 598 625 tu
615 591 747 634 depone
764 590 922 633 sagittaS‚

58 639 119 673 Nil
136 640 235 683 pueri
252 639 398 681 faciunt,
414 639 526 682 ipsam
543 636 704 680 configite
721 639 870 668 matrem
887 632 917 666 {³⁹

52 687 231 730 Amphion
248 686 394 719 clamat:
421 684 480 717 sed
497 683 605 716 Paean
622 682 799 715 contrahit
816 692 946 714 arcmn.

53 732 195 766 Extulit
212 743 292 775 ergo
310 741 431 774 greges
448 733 612 762 natorum
629 729 814 772 ipsumque
830 730 1023 770 parentem,

51 777 147 811 Dum
165 777 230 810 sibi
246 777 395 810 nobilior
413 775 555 808 Latonae
575 779 679 818 gente
697 773 838 806 videtur

52 823 171 867 Atque
188 823 309 856 eadem
327 822 438 855 scrofa
454 821 565 854 Niobe
582 820 764 853 fecundior
781 818 870 852 alba.

53 869 138 910 Quae
156 869 248 902 tanti
266 868 430 912 gravitas,
448 878 525 911 quae
541 867 664 908 forma,
681 869 722 898 ut
740 876 774 898 se
791 864 856 897 tibi
874 875 1008 907 semper

52 914 234 958 Imputet?
277 914 394 957 Hujus
412 914 506 946 enim
522 912 593 945 rari
611 912 806 954 summique
823 910 986 954 voluptas

51 960 160 994 Nulla
177 960 267 1003 boni,
285 959 420 1003 quoties
437 959 554 991 animo
572 961 735 1000 corrupta
752 955 898 1000 superbo
1109 955 1178 988 180

51 1005 137 1039 Plus
155 1005 255 1048 aloes,
273 1016 379 1049 quam
395 1004 508 1036 mellis
525 1003 640 1037 habet.
683 1003 767 1043 Quis
785 1001 924 1034 deditus
941 1003 1061 1034 autem

52 1051 170 1096 Usque
188 1051 273 1084 adeo
291 1054 353 1092 est,
370 1054 412 1083 ut
428 1061 499 1082 non
516 1050 624 1091 illam,
643 1060 747 1092 quam
765 1047 930 1081 laudibus
947 1046 1055 1089 effert,

51 1096 203 1130 Horreat
220 1097 326 1140 inque
343 1096 437 1128 diem
454 1095 604 1139 septenis
622 1094 733 1127 oderit
750 1092 866 1126 horis?

99 1143 267 1184 Quaedam
284 1153 393 1186 parva
410 1141 561 1184 quidem,
580 1140 639 1173 sed
656 1151 726 1173 non
743 1138 924 1172 toleranda
940 1137 1085 1172 maritis.

50 1187 143 1222 Nam
161 1188 245 1232 quid
261 1187 449 1229 rancidius,
467 1198 573 1230 quam
590 1186 683 1230 quod
701 1197 736 1218 se
752 1196 823 1218 non
840 1188 944 1228 putat
961 1184 1036 1217 ulla

50 1234 261 1277 Formosam,
278 1233 347 1266 nisi
364 1244 442 1277 quae
460 1232 503 1265 de
520 1233 632 1265 Tusca
650 1231 807 1265 Graecula
823 1231 919 1263 facta
936 1234 996 1274 est,

49 1279 103 1314 De
120 1279 341 1319 Sulmonensi
357 1290 453 1312 mera
470 1277 651 1321 Cecropis?
693 1276 819 1311 Omnia
837 1277 964 1320 Graece,

51 1326 169 1367 Quum
186 1325 231 1358 sit
248 1329 352 1369 turpe
369 1324 480 1367 magis
497 1324 623 1356 nostris
640 1323 772 1356 nescire
790 1322 934 1356 Latine:

50 1371 128 1404 Hoc
145 1382 301 1404 sermone
318 1374 459 1414 pavent,
476 1370 541 1402 hoc
558 1370 656 1411 iram,
674 1368 812 1412 gaudia,
831 1379 942 1410 curas,

51 1416 128 1450 Hoc
145 1420 274 1450 cuncta
290 1416 479 1449 effundunt
497 1415 605 1448 animi
623 1417 763 1447 secreta.
806 1414 899 1455 Quid
915 1414 1034 1449 ultra?
1108 1417 1174 1448 190

51 1462 295 1496 concumbunt
313 1463 440 1495 Graece.
480 1460 596 1493 Dones
614 1464 732 1493 tamen
748 1460 816 1493 ista
833 1459 978 1503 puellis:

50 1508 148 1541 Tune
166 1508 283 1550 etiam,
301 1519 406 1552 quam
424 1510 543 1540 sextus
561 1510 598 1539 et
613 1506 842 1549 octogesimus
859 1517 973 1539 annus

50 1553 185 1597 Pulsat,
202 1554 318 1587 adhuc
336 1552 476 1587 Graece?
517 1552 596 1585 Non
613 1556 665 1585 est
682 1552 739 1585 hic
757 1564 866 1585 sermo
879 1553 1029 1597 pudicus

51 1599 95 1633 In
111 1599 240 1633 vetula.
283 1600 427 1640 Quoties
443 1598 612 1632 lascivum
628 1599 820 1632 intervenit
836 1599 926 1632 illud

51 1645 118 1682 Ζωὴ
133 1645 182 1676 καὶ
197 1644 285 1684 ψυχή
301 1645 313 1679 2
339 1645 444 1680 Modo
463 1644 526 1677 sub
543 1645 654 1678 lodice
670 1645 802 1680 relictis

51 1693 168 1727 Uteris
185 1693 223 1727 in
239 1691 353 1728 turba.
404 1691 505 1734 Quod
523 1692 617 1726 enim
633 1703 703 1725 non
720 1693 850 1727 excitet
866 1693 999 1738 inguen
