1284 1922
81 66 127 97 48
395 63 438 98 D„
464 62 597 96 JUNII
622 62 887 96 JUVENALIS

83 130 226 174 Cogitur
241 142 247 164 :
272 130 329 164 hic
346 130 479 173 frangit
495 130 634 172 ferulas,
652 128 753 162 rubet
770 129 829 162 ille
845 128 1015 172 flagello&
1214 164 1239 169 „⁷

83 176 153 209 Hic
171 177 302 209 scutica
318 188 324 209 ε
351 180 431 208 sunt
450 186 526 219 quae
544 175 731 208 tortoribus
749 186 865 207 annua
884 178 1057 217 praestent.
1132 175 1202 206 480

83 221 252 255 Verberat
269 226 373 265 atque
391 220 500 254 obiter
516 221 641 254 faciem
658 220 747 261 linit,
766 220 865 252 audit
883 220 1010 253 amicas

82 268 156 300 Aut
173 267 286 300 latum
303 267 405 310 pictae
422 267 527 300 vestis
545 266 738 299 considerat
756 277 891 307 aurum,

83 312 130 345 Et
147 313 249 345 caedit
264 325 272 353 ;
296 312 393 355 longi
409 312 532 355 relegit
550 316 746 344 transversa
763 311 889 353 diurni,

83 357 130 391 Et
147 358 258 401 caedit,
276 357 383 390 donec
400 358 497 390 lassis
515 357 737 399 caedentibus,
756 356 823 388 Exi
839 359 844 390 !

85 403 228 436 Intonet
245 403 464 445 horrendum,
477 404 552 446 jam
569 402 765 445 cognitione
783 405 931 445 peracta.

130 449 344 482 Praefectura
361 449 481 481 domus
499 448 616 481 Sicula
632 459 702 480 non
718 448 835 480 mitior
852 447 942 481 aula.

83 493 175 527 Nam
193 495 221 527 si
238 494 421 527 constituit
440 494 607 537 solitoque
625 493 804 525 decentius
822 497 921 536 optat

85 539 210 572 Ornari
227 543 261 572 et
279 544 449 583 properat,
463 541 606 582 jamque
624 542 846 582 exspectatur
863 538 898 571 in
917 537 1026 571 hortis

84 584 158 617 Aut
175 584 269 628 apud
289 585 407 617 Isiacae
425 585 541 627 potius
560 584 708 617 sacraria
726 583 821 626 lenae,

84 629 246 673 Disponit
263 630 402 671 crinem,
421 630 606 663 laceratis'
598 640 672 673 ipsa
689 629 834 672 capillis,
1135 630 1204 662 490

83 674 190 708 Nuda
205 675 349 708 humero
368 657 490 708 P’secas
507 675 632 707 infelix
649 675 820 715 nudisque
837 673 1010 707 mamillis.

87 719 105 736 ‘⁴
119 719 233 752 Altior
248 720 305 753 hic
322 731 428 764 quare
445 720 626 753 cincinnus
641 719 674 752 2³⁷
723 721 855 754 Taurea
872 718 976 764 punit

83 765 256 799 Continuo
273 766 355 799 flexi
373 767 502 799 crimen
520 767 725 809 facinusque
742 768 869 808 capilli.

85 811 177 851 Quid
195 811 318 844 Psecas
336 812 476 845 admisit
493 811 504 845 2
531 822 689 855 quaenam
707 814 757 844 est
774 811 831 843 hic
849 810 952 854 culpa
969 810 1104 854 puellae,

85 855 122 889 Si
138 856 204 889 tibi
222 857 401 900 displicuit
418 868 523 890 nasus
540 861 622 890 tuus
639 856 650 889 2
699 856 820 888 Altera
837 856 965 888 laevum

84 901 268 944 Extendit,
286 903 466 945 pectitque
484 913 596 934 comas
614 905 648 934 et
666 901 775 934 volvit
792 901 828 933 in
847 901 971 934 orbem.

84 946 147 979 Est
163 947 201 979 111
219 947 361 980 consilio
379 951 548 989 matrona,
566 947 775 989 admotaque
792 946 881 978 lanis

83 991 239 1025 Emerita
256 1003 333 1036 quae
351 997 461 1025 cessat
478 1004 563 1025 acu:
591 992 763 1025 sententia
780 991 892 1035 prima

85 1036 202 1081 Hujus
219 1038 309 1079 erit3
334 1042 411 1081 post
428 1038 519 1071 hanc
538 1041 640 1070 {etate
658 1041 763 1080 atque
780 1040 854 1070 arte
871 1037 1018 1070 minores

85 1081 291 1126 Censebunt,
309 1088 478 1127 tanquam
495 1084 596 1116 sunae
615 1083 799 1115 discrimen
816 1093 859 1125 ag
840 1086 943 1114 tratur
1136 1084 1202 1115 500

83 1126 157 1160 Aut
173 1128 320 1161 animae:
346 1132 449 1161 tanta
465 1132 517 1161 est
534 1128 710 1171 quaerendi
728 1138 810 1160 cura
828 1127 980 1160 decoris:

84 1171 149 1205 Tot
166 1175 292 1216 premit
310 1174 486 1206 ordinibus
514 1178 567 1206 tot
584 1173 700 1205 adhuc
718 1172 942 1215 compagibus
959 1173 1072 1205 altum

83 1217 250 1252 AEdificat
267 1223 382 1262 caput.
431 1218 697 1251 Andromachen
714 1229 735 1250 a
751 1218 865 1250 fronte
883 1217 1036 1250 videbis:

84 1262 168 1296 Post
183 1264 296 1298 minor
313 1268 365 1297 est
379 1276 385 1297 ε
411 1264 529 1296 credas
546 1264 660 1296 aliam.
710 1262 810 1305 Cedo,
828 1263 856 1295 si
872 1262 974 1296 breve
992 1263 1090 1306 parvi

84 1307 214 1342 Sortita
231 1313 283 1342 est
299 1309 416 1342 lateris
435 1309 597 1352 spatium,
614 1308 816 1350 breviorque
833 1308 972 1341 videtur

85 1353 230 1397 Virgine
247 1355 420 1398 Pygmaea,
439 1354 546 1386 nullis
563 1354 685 1396 adjuta
703 1354 890 1398 cothurnis,

83 1398 131 1432 Et
147 1400 232 1432 levis
249 1405 362 1433 erecta
380 1399 557 1442 consurgit
574 1399 618 1432 ad
635 1399 752 1432 oscula
769 1399 890 1443 planta
904 1399 916 1431 ’ἶ

131 1445 239 1478 Nulla
257 1445 323 1478 viri
341 1456 424 1478 cura
441 1445 584 1487 interea,
601 1455 665 1477 nec
682 1446 811 1478 mentio
829 1444 888 1476 fiet

83 1489 299 1523 Damnorum
314 1503 320 1524 :
346 1490 434 1523 vivit
450 1493 619 1533 tanquam
636 1489 752 1523 vicina
767 1490 903 1528 marito,

86 1534 163 1568 Hoc
181 1535 250 1568 solo
267 1536 414 1579 propior,
433 1535 523 1578 quod
541 1535 667 1568 amicos
685 1535 841 1578 conjugis
859 1535 932 1567 odit
1134 1536 1202 1567 510

84 1580 131 1613 Et-
149 1592 271 1622 servos,
288 1581 403 1624 gravis
421 1584 472 1613 est
489 1580 691 1613 rationibus.
740 1581 828 1613 Ecce
845 1579 994 1612 furentis

84 1625 236 1658 Bellonae
253 1625 442 1669 matrisque
460 1625 574 1658 Deum
591 1625 715 1659 chorus
732 1626 840 1659 intrat
857 1630 892 1658 et
908 1625 1031 1668 ingens

84 1669 242 1714 Semivir,
259 1671 414 1705 obscoeno
431 1671 535 1705 facies
552 1671 740 1705 reverenda
756 1670 891 1713 minori,

565 1724 575 1741 ¹¹
594 1727 711 1760 flagellis
