1284 1922
63 71 107 102 56
385 69 428 102 D.
454 67 588 103 JUNH
613 67 878 102 JUVENALIS

71 135 263 169 Anxietate
281 145 400 168 carens
418 135 557 168 animus
573 134 669 177 facit,
687 134 798 167 01111115
815 133 930 167 acerbi

73 181 276 225 Impatiens,
295 181 444 224 cupidus
461 180 629 214 silvarum
645 183 818 232 aptusque
835 179 993 212 bibendis

72 227 244 260 Fontibus
261 227 447 260 Aonidum.
495 226 617 270 Neque
634 226 728 258 enim
744 229 884 259 cantare
902 225 966 258 sub
983 228 1083 259 antro

72 272 186 306 Pierio
204 273 408 316 thyrsumve
425 275 540 316 potest
557 272 757 314 contingere
774 272 917 304 moestat

73 317 268 362 Paupertas
285 322 391 362 atque
409 318 486 351 aeris
502 318 611 362 inops,
629 329 697 362 quo
714 321 815 350 nocte
833 317 959 360 dieque

74 364 206 408 Corpus
223 368 323 407 eget:
350 368 447 397 satur
464 367 524 406 est,
543 375 651 408 quum
668 363 754 396 dicit
772 363 951 405 Horatius,
969 362 1077 398 Euoe!

75 409 160 450 Quis
177 410 299 443 100115”
290 410 440 453 ingenio,
457 410 525 443 nisi
543 421 652 453 quum
669 421 704 442 se
721 409 875 442 carmine
892 409 963 442 solo

75 455 227 499 Vexant,
245 459 280 489 et
297 456 446 489 dominis
465 456 593 489 Cirrhae
611 455 784 498 Nysaeque
800 454 964 487 feruntur

75 500 222 535 Pectora
238 506 366 544 nostra,
384 502 470 535 duas
487 512 557 534 non
575 500 801 534 admittentia
818 511 918 533 curas
932 500 945 533 ’.ἱ

74 547 216 591 Magnae
234 548 362 580 mentis
379 558 465 591 opus
482 558 546 580 nec
564 547 606 579 de
623 546 734 579 lodice
751 546 909 589 paranda

75 593 258 636 Attonitae,
276 604 397 626 currus
414 596 449 626 et
466 604 571 636 equos
587 592 762 636 faciesque
779 591 932 625 Deorum

75 639 249 682 Aspicere,
267 643 302 672 et
320 639 433 682 qualis
452 638 626 672 Rutulum
643 637 836 671 confundat
854 638 1014 682 Erinnys.

76 684 169 717 Nam
187 685 216 718 si
232 685 381 728 Virgilio
398 696 484 729 puer
501 688 536 717 et
553 683 732 717 tolerabile
749 683 882 717 deesset

77 730 290 774 Hospitium,
309 731 472 764 caderent
490 741 607 764 omnes
624 741 645 763 a
662 729 815 762 crinibus
832 729 935 773 hydri
951 742 958 770 ;

77 776 190 810 Surda
206 777 297 809 nihil
314 780 467 820 gemeret
484 787 589 819 grave
605 775 763 810 buccina.
812 776 1000 820 Poscimus,
1017 779 1059 809 ut
1076 775 1121 809 sit

77 822 157 855 Non
172 823 287 856 minor
303 823 448 866 antiquo
466 822 651 855 Rubrenus
668 821 789 866 Lappa
806 822 985 865 cothurno,

78 868 185 911 Cujus
202 872 238 901 et
255 868 402 902 alveolos
420 872 455 901 et
472 868 599 901 laenam
616 867 778 912 pignerat
795 868 932 901 Atreus.

77 913 157 947 Non
174 913 279 947 habet
296 914 421 946 infelix
437 914 610 955 Numitor,
629 913 721 957 quod
738 914 858 946 mittat
874 914 985 947 amico
999 926 1006 948 ε

79 959 261 1000 Quintillae
279 960 371 1003 quod
388 960 503 1003 donet,
521 958 626 993 habet
642 972 650 1000 3
674 970 738 992 nec
755 959 869 992 defuit
886 960 948 1002 illi,

78 1005 181 1038 Unde
198 1009 328 1038 emeret
344 1006 459 1039 multa
475 1006 690 1049 pascendum
707 1016 809 1038 carne
826 1006 962 1039 leonem

79 1051 105 1084 J
107 1063 163 1084 am
181 1051 354 1084 domitum
369 1063 375 1085 :
402 1055 538 1085 constat
555 1052 676 1084 leviori
693 1051 811 1084 bellua
828 1056 948 1085 sumtu

78 1097 266 1139 Nimirum,
285 1101 319 1130 et
337 1098 483 1141 capiunt
500 1098 580 1141 plus
597 1098 766 1130 intestina
784 1102 903 1141 poetae.

80 1143 273 1176 Contentus
289 1143 384 1176 fama
397 1144 514 1185 jaceat
532 1144 694 1176 Lucanus
711 1144 748 1176 in
765 1143 876 1176 hortis

78 1188 304 1222 marmoreis:
331 1193 368 1222 at
386 1189 531 1222 Serrano
549 1189 719 1232 tenuique
737 1189 849 1222 Saleio

81 1235 197 1268 Gloria
214 1235 434 1279 quantalibet
452 1235 536 1278 quid
554 1235 629 1278 erit,
649 1236 677 1267 si
694 1235 805 1278 gloria-
821 1238 963 1268 tantum
981 1235 1058 1268 est?

81 1281 241 1314 Curi-itur
257 1281 302 1314 ad
319 1292 439 1314 vocem
451 1281 647 1324 jucundam
665 1285 699 1314 et
717 1286 856 1314 carmen
873 1281 993 1314 amicae

80 1326 284 1369 Thebaidos,
301 1327 419 1359 laetam
436 1327 520 1360 fecit
538 1338 647 1370 quum
665 1327 799 1360 Statius
817 1327 946 1360 Urbem

80 1372 314 1415 Promisitque
332 1373 433 1406 diem.
482 1373 596 1405 Tanta
613 1373 796 1405 dulcedine
814 1377 933 1416 captos

80 1418 199 1452 Afficit
216 1419 276 1452 ille
293 1418 426 1451 animos
443 1422 613 1461 tantaque
630 1418 776 1451 libidine
792 1419 891 1462 vulgi

79 1465 257 1497 Auditur:
284 1465 351 1507 sed,
370 1476 480 1508 quum
497 1465 603 1508 fregit
622 1465 785 1498 subsellia
803 1476 914 1507 versu,

80 1509 109 1543 F
114 1511 210 1553 surit
229 1511 400 1543 intactam
418 1510 538 1543 Paridi
555 1511 622 1543 nisi
640 1511 770 1544 vendat
787 1510 940 1554 Agaven.

81 1555 147 1589 Ille
165 1560 199 1589 et
215 1557 350 1589 militiae
367 1556 489 1589 multis
506 1556 656 1598 111-011111·
672 1557 845 1599 honorem,

81 1601 245 1635 Scincstri
263 1606 384 1635 vatum
402 1602 529 1645 digitos
547 1602 768 1644 011011111110315
786 1614 879 1636 aul'Q
927 1624 930 1626 -

82 1648 182 1688 Quod
199 1660 269 1681 non
286 1649 372 1681 dant
390 1660 554 1692 pi··s,occie
573 1648 670 1680 dabit
687 1648 829 1681 11151110
854 1652 896 1681 tu
913 1649 1110 1684 Camerinos

81 1692 128 1727 Et
145 1694 283 1738 Bareas,
301 1698 342 1728 tu
360 1694 531 1727 nobilium
548 1706 603 1726 nia
607 1705 677 1737 gna
694 1695 784 1728 atiia
802 1706 901 1728 curas
916 1695 928 1728 2

511 1750 693 1783 ‘contingere
706 1757 784 1774 sana.

1155 273 1199 304 60

1161 1191 1206 1222 80

1162 1698 1207 1729 90
