1284 1922
117 55 184 87 112
429 52 471 86 D.
497 50 630 85 JUNII
656 50 920 85 JUVENALIS

496 212 733 249 SATIRA
778 212 871 249 XV.

120 296 211 337 Qurs
228 295 349 338 nescit,
369 294 491 329 Volusi
508 294 705 338 Bithynice,
723 293 842 338 qualia
859 293 1000 327 demens

117 341 295 385 AEgyptus
313 344 475 385 portenta
492 340 605 374 colat?
655 340 856 373 Crocodilon
874 339 996 373 adorat

119 387 204 420 Pars
221 387 313 427 h‘ec3
338 386 400 419 illa
416 390 521 431 pavet
538 389 693 419 saturam
710 385 927 429 serpentibus
944 384 1028 419 ibin.

119 432 259 475 Effigies
279 432 367 465 sacri
383 432 474 465 nitet
492 443 596 465 amca
615 431 854 474 cercopitheci,

118 478 272 511 Dimidio
289 478 434 521 magicae
451 480 614 510 resonant
632 476 693 509 ubi
710 477 896 510 Memnone
913 475 1059 519 chordae,

119 524 236 567 Atque
253 526 353 557 vetus
371 522 486 556 Thebe
504 526 645 556 centum
658 523 753 565 jacet
771 521 894 555 obruta
911 521 1028 566 portis.

120 569 198 602 Illic
215 569 350 602 aeluros
358 578 385 611 x,
402 568 459 602 hic
476 569 605 612 piscem
622 567 784 610 fluminis,
802 567 874 600 illic

120 615 258 658 Oppida
274 618 349 648 tota
366 625 486 647 canem
504 617 721 655 venerantur,
739 624 840 646 nemo
857 613 1016 646 Dianam.

120 660 267 693 Porrum
284 663 319 693 et
336 671 428 703 caepe
446 660 543 693 nefas
560 659 689 692 violare
706 663 741 692 et
757 659 916 702 frangere
933 670 1058 692 morsu.

121 706 149 739 O
168 709 304 740 sanctas
321 710 451 749 gentes,
470 705 592 749 quibus
610 705 683 738 11ωο
699 709 893 738 nascuntur
910 704 946 737 in
964 704 1072 737 hortis
1190 704 1234 736 10

120 752 276 785 Numina
291 752 297 784 !
348 751 490 784 Lanatis
508 750 716 783 animalibus
734 750 885 783 abstinet
902 750 1013 783 omnis

120 797 263 838 Mensa,
255 809 262 816 ·
287 796 384 830 nefas
401 796 474 829 11110
492 796 604 829 fetum
616 796 780 839 jugulare
797 795 957 839 capellae:

121 843 288 876 Carnibus
305 842 468 875 humanis
484 842 576 875 vesci
592 841 684 875 licet.
732 841 894 874 Attonito
911 852 1019 885 quum

121 889 203 922 Tale
221 899 322 932 super
339 899 472 921 coenam
488 887 624 920 facinus
641 891 797 920 narraret
815 887 935 920 Ulixes

121 934 275 976 Alcinoo,
292 933 397 966 bilem
415 937 477 966 aut
493 933 601 966 risum
619 933 763 965 fortasse
780 931 989 976 quibusdam

121 979 288 1020 Moverat
307 982 348 1012 1113
364 979 515 1011 mendax
533 978 738 1021 aretalogus.
785 980 805 994 ‘⁶
819 978 862 1010 In
878 989 971 1011 mare
989 989 1090 1012 nemo

122 1026 229 1058 Hunc
246 1025 362 1065 abicit,
381 1036 472 1058 saeva
489 1024 635 1067 dignum
653 1035 801 1067 veraque
819 1024 1003 1067 Charybdi,

122 1071 329 1114 Fingentem
347 1070 514 1103 immanes
532 1070 773 1112 Laestrygonas
790 1072 894 1113 atque
911 1068 1099 1113 Cyclopas?

121 1116 213 1150 Nam
231 1116 334 1150 citius
354 1116 505 1159 Scyllam
522 1115 578 1149 vel
595 1115 836 1148 concurrentia
853 1126 937 1148 saxa

123 1162 290 1205 cyanem,
308 1162 426 1205 plenos
444 1165 479 1194 et
496 1160 762 1204 tempestatibus
780 1164 874 1193 utres
1186 1160 1230 1192 520

123 1207 343 1249 Crediderim,
361 1210 424 1240 aut
440 1206 538 1240 tenui
556 1218 616 1250 per
619 1217 758 1239 cussum
775 1206 913 1239 verbere
932 1205 1044 1239 Circes

122 1253 169 1287 Et
186 1265 265 1286 cum
282 1252 470 1295 iemioibus
487 1252 667 1295 grunnisse
686 1251 857 1295 Elpenora
873 1251 994 1295 porcis

122 1299 208 1333 Tam
225 1298 326 1332 vacui
344 1298 468 1341 capitis
485 1297 653 1341 populum
670 1297 818 1330 Phaeaca
834 1290 1020 1348 putavitT’

123 1345 179 1378 Sic
197 1344 323 1387 aliquis
340 1344 463 1376 merito
480 1343 635 1376 nondum
653 1342 766 1375 ebrius
783 1346 818 1375 et
834 1342 1020 1375 minimum
1038 1341 1098 1385 qui

122 1391 175 1424 De
194 1391 370 1433 Corcyiaea
388 1392 557 1422 temetum
574 1388 723 1421 duxerat
740 1399 844 1421 urna:

123 1436 222 1470 Solus
240 1436 333 1468 enim
350 1435 414 1468 1100
433 1434 576 1468 Ithacus
593 1434 688 1467 nullo
707 1433 769 1466 sub
786 1437 874 1467 teste
891 1432 1045 1467 canebat

123 1482 193 1515 Nos
211 1481 370 1514 miranda
388 1480 535 1524 quidem,
555 1480 613 1513 sed
630 1491 741 1523 nuper
758 1479 896 1512 consule
913 1479 937 1512 J
940 1490 1022 1511 111110

125 1528 229 1561 Gesta
247 1538 346 1570 super
364 1526 485 1559 caud-n
502 1526 687 1558 referemus
704 1525 831 1558 moenia
849 1524 957 1567 Copti,

124 1573 194 1606 Nos
211 1573 307 1615 vulgi
326 1572 435 1604 scelus
453 1576 487 1604 et
505 1572 639 1604 cunctis
656 1571 814 1614 graviora
831 1569 1018 1602 cothurnis.

124 1619 215 1651 Nam
233 1618 351 1655 scelus
370 1629 390 1650 a
408 1617 542 1660 Pyrrha
559 1628 769 1660 quamquam
787 1615 902 1648 omnia
919 1618 1071 1658 syrmata
1088 1614 1215 1656 volvas,

124 1663 252 1697 Nullus
270 1663 364 1706 apud
382 1663 529 1705 tragicos
546 1663 695 1706 populus
712 1662 805 1695 ficit.
855 1660 991 1704 Accipe,
1011 1664 1126 1693 nostro
1190 1662 1234 1693 30

232 1720 244 1732 ¹
269 1720 328 1744 Illic
343 1719 471 1745 caeruleos
768 1721 778 1737 Y
798 1717 922 1749 Cyaneas
