1284 1922
100 75 144 107 42
416 73 458 107 D.
484 73 509 107 J
512 72 578 109 UN
581 72 619 106 II
643 72 668 106 J
672 70 909 106 UVENALIS

100 139 173 173 Hos
190 139 332 173 habitus
346 139 358 173 2
385 139 523 182 quando
540 139 586 173 ad
601 138 723 183 palum
739 142 857 182 gemat
873 149 962 171 uxor
979 136 1079 181 Asyli
1093 136 1106 170 ‘l

147 185 288 229 Semper
304 184 410 218 habet
427 185 507 218 lites
525 185 729 228 alternaque
742 185 862 229 jurgia
879 184 1001 226 lecum,

101 231 146 263 In
164 243 230 275 quo
248 234 360 274 nupta
372 232 486 274 jacet:
512 230 699 264 minimum
716 231 886 264 dormitur
903 230 940 263 in
957 229 1028 263 illo.

100 277 189 309 Tum
207 277 323 320 gravis
340 276 402 310 illa
419 276 503 319 viro,
521 279 608 309 tunc
625 276 707 310 orba
724 276 852 319 tigride
869 277 965 319 pejor
978 287 988 316 3
1153 273 1222 307 270

99 322 211 355 Tame
230 322 372 355 simulat
390 322 542 365 gemitus
559 322 687 355 occulti
704 322 840 355 conseia
856 322 953 364 facti,

98 368 174 401 Aut
191 368 265 401 odit
282 379 415 412 pueros,
433 371 496 401 aut
512 368 596 401 ficta
613 367 738 412 pellice
755 367 880 411 plorat,

99 413 273 447 Uberibus
291 425 425 457 semper
440 413 593 447 lacrimis
612 424 815 456 semperque
832 412 964 456 paratis

100 459 144 492 In
161 460 311 493 statione
329 470 401 502 sua,
420 462 526 502 atque
544 457 829 502 exspectantibus
846 458 954 501 illam,

100 505 174 546 Quo
187 505 310 549 jubeat
326 516 469 538 manare
486 504 588 537 modo
602 516 609 537 ε
635 507 675 536 tu
693 503 803 536 credis
821 514 984 546 amorem,

99 550 152 584 Tu
170 551 235 584 tibi
252 554 348 593 tunc,
368 561 524 593 curruca,
542 549 659 593 places
675 549 868 592 fletumque
884 548 1021 582 labellis

99 596 279 638 Exsorbes,
297 606 372 639 quae
390 595 521 639 scripta
538 598 573 628 et
590 605 676 638 quas
693 594 824 627 lecture
841 594 998 638 tabellas,

100 642 136 675 Si
154 642 219 675 tibi
236 641 404 685 zelotypae
421 645 627 684 retegantur
644 640 771 674 scrinia
787 640 930 673 moechae
946 643 953 675 !

99 687 167 721 Sed
180 689 276 731 jacet
293 687 331 720 in
349 687 439 720 servi
455 686 693 730 complexibus
711 689 774 719 aut
792 686 930 730 equitis.
980 686 1057 730 Dic,

99 732 165 766 Dio
183 733 346 777 aliquem,
365 732 471 774 sodes,
489 732 557 775 hic,
577 732 805 774 Quintiliane,
823 732 980 766 colorem.
1153 732 1221 765 280

97 781 115 797 ‘⁴
129 780 320 813 Haeremus.
367 779 435 813 Die
452 777 560 822 ipsa.”
609 779 626 795 ‘⁴
640 778 733 811 Olim
749 777 989 817 convenerat‚’'
1006 775 1134 820 inquit,

98 828 119 842 “
133 825 182 858 Ut
198 825 328 859 faceres
346 829 395 867 tu,
413 825 507 869 quod
524 824 637 865 velles,
656 835 720 857 nec
736 835 807 857 non
823 835 885 867 ego
903 834 1038 867 possem

98 871 289 914 Indulgere
307 871 394 903 mihi
409 883 416 904 ε
441 871 568 904 clames
586 870 668 903 licet
685 876 720 903 et
737 881 831 903 mare
849 870 946 902 coelo>

99 917 310 955 Confundas,
328 916 430 949 homo
448 916 556 950 sum.’⁷
605 916 703 949 Nihil
721 921 772 949 est
790 915 956 948 audacius
973 913 1043 946 illis

98 960 285 1004 Deprensis
303 972 309 993 :
335 960 424 993 iram
442 964 548 1003 atque
565 960 699 993 animos
716 971 737 993 a
754 960 899 993 crimine
916 963 1070 993 sumunt.

146 1006 247 1039 Unde
265 1006 338 1039 haec
355 1010 511 1039 monstra
528 1010 647 1038 tamen
664 1005 719 1039 vel
738 1017 805 1049 quo
823 1006 866 1039 de
882 1006 990 1049 fonte,
1007 1005 1154 1050 requiris
1168 1005 1181 1039 ’ἒ

99 1051 294 1085 Praestabat
312 1055 425 1085 castas
442 1051 585 1084 humilis
602 1051 745 1084 fortuna
762 1051 905 1085 Latinas

99 1098 292 1140 Quondam,
309 1109 373 1130 nec
390 1097 486 1131 vitiis
504 1097 662 1140 contingi
679 1109 787 1141 parva
805 1097 943 1131 sinebat

99 1144 206 1177 Tecta
223 1143 330 1186 labor,
349 1143 530 1186 somnique
546 1143 677 1185 breves,
696 1146 731 1175 et
748 1142 874 1176 vellere
892 1143 1002 1176 Tusco

98 1189 244 1222 Vexatae
262 1189 427 1232 duraeque
443 1200 578 1227 manus,
597 1200 637 1222 ac
654 1188 832 1232 proximus
850 1189 937 1222 Urbi
1152 1189 1220 1221 290

97 1235 289 1277 Hannibal,
307 1238 342 1268 et
360 1238 492 1268 stantes
510 1234 645 1268 Collina
661 1238 756 1267 turre
773 1234 901 1268 mariti.

96 1281 130 1314 N
134 1293 200 1314 unc
217 1281 372 1324 patimur
387 1280 500 1323 longae
517 1280 613 1324 pacis
630 1280 722 1313 mala
740 1292 748 1320 ;
774 1280 894 1313 saevior
911 1279 1016 1313 armis

97 1326 254 1360 Luxuria
271 1326 432 1359 incubuit
450 1327 654 1369 victumque
671 1325 852 1358 ulciscitur
869 1326 995 1359 orbem.

97 1372 246 1405 Nullum
264 1372 395 1405 crimen
412 1371 509 1404 abest
526 1372 731 1415 facinusque
748 1371 913 1413 libidinis,
932 1383 976 1404 ex
994 1382 1062 1415 quo

98 1418 291 1462 Paupertas
310 1417 466 1450 Romana
483 1417 576 1461 perit
591 1429 597 1450 :
622 1417 705 1450 hinc
722 1417 827 1450 fluxit
844 1418 888 1450 ad
905 1418 989 1450 istos

97 1464 144 1497 Et
162 1463 302 1507 Sybaris
320 1463 432 1506 colles,
450 1463 533 1496 hinc
551 1467 586 1496 et
605 1463 744 1495 Rhodos
762 1467 796 1496 et
813 1463 964 1505 Miletos,

96 1509 214 1553 Atque
232 1513 435 1542 coronatum
453 1513 488 1542 ct
505 1508 667 1553 petulans
683 1509 933 1553 madidumque
951 1509 1151 1544 Tarentum.

97 1555 217 1588 Prima
234 1555 433 1598 peregrinos
450 1555 609 1587 obscoena
627 1555 776 1598 pecunia
791 1566 903 1588 mores

98 1601 237 1642 Intulit,
255 1605 290 1634 et
308 1600 404 1644 turpi
421 1601 602 1643 fregerunt
620 1600 734 1634 secula
750 1600 839 1633 luxu

97 1646 239 1680 Divitia}
256 1646 385 1679 molles.
437 1646 528 1687 Quid
547 1647 640 1679 enim
659 1646 775 1679 Venus
793 1645 887 1679 ebria
904 1645 1030 1679 curatz
1149 1648 1220 1680 300

97 1692 259 1736 Inguinis
277 1696 312 1726 et
330 1692 456 1736 capitis
475 1704 551 1736 quae
570 1693 641 1725 sint
659 1692 870 1733 discrimina,
888 1692 1009 1735 nescit,

593 1756 603 1768 e
624 1750 715 1780 Quum
