<?xml version="1.0" encoding="UTF-8"?>
<!DOCTYPE html PUBLIC "-//W3C//DTD XHTML 1.0 Transitional//EN"
    "http://www.w3.org/TR/xhtml1/DTD/xhtml1-transitional.dtd">
<html xmlns="http://www.w3.org/1999/xhtml" xml:lang="en" lang="en">
 <head>
  <title>
</title>
<meta http-equiv="Content-Type" content="text/html;charset=utf-8" />
  <meta name='ocr-system' content='tesseract 3.04.00' />
  <meta name='ocr-capabilities' content='ocr_page ocr_carea ocr_par ocr_line ocrx_word'/>
</head>
<body>
  <div class='ocr_page' id='page_1' title='image "./juvenalisetpersi00juveuoft_0090.png"; bbox 0 0 1284 1922; ppageno 0'>
   <div class='ocr_carea' id='block_1_1' title="bbox 81 23 888 86">
    <p class='ocr_par' dir='ltr' id='par_1_1' title="bbox 81 23 888 86">
     <span class='ocr_line' id='line_1_1' title="bbox 81 23 888 86; baseline 0.001 -1"><span class='ocrx_word' id='word_1_1' title='bbox 81 53 126 85; x_wconf 81' lang='lat'>82</span> <span class='ocrx_word' id='word_1_2' title='bbox 393 51 437 86; x_wconf 79' lang='grc'>11,</span> <span class='ocrx_word' id='word_1_3' title='bbox 462 50 596 85; x_wconf 79' lang='lat' dir='ltr'><strong>JUNH</strong></span> <span class='ocrx_word' id='word_1_4' title='bbox 621 23 888 86; x_wconf 66' lang='lat' dir='ltr'><strong>JUVENALIS</strong></span> 
     </span>
    </p>
   </div>
   <div class='ocr_carea' id='block_1_2' title="bbox 81 116 1218 1759">
    <p class='ocr_par' dir='ltr' id='par_1_2' title="bbox 81 116 1218 1759">
     <span class='ocr_line' id='line_1_2' title="bbox 83 116 958 162; baseline -0.002 -10"><span class='ocrx_word' id='word_1_5' title='bbox 83 118 266 162; x_wconf 83' lang='lat' dir='ltr'>Respicere</span> <span class='ocrx_word' id='word_1_6' title='bbox 283 116 328 151; x_wconf 86' lang='lat' dir='ltr'>ad</span> <span class='ocrx_word' id='word_1_7' title='bbox 344 117 456 160; x_wconf 86' lang='lat' dir='ltr'>longae</span> <span class='ocrx_word' id='word_1_8' title='bbox 469 116 576 160; x_wconf 86' lang='lat' dir='ltr'>jussit</span> <span class='ocrx_word' id='word_1_9' title='bbox 593 117 706 161; x_wconf 82' lang='lat' dir='ltr'>spatia</span> <span class='ocrx_word' id='word_1_10' title='bbox 721 116 849 150; x_wconf 84' lang='lat' dir='ltr'>ultima</span> <span class='ocrx_word' id='word_1_11' title='bbox 865 116 958 150; x_wconf 86' lang='lat' dir='ltr'>vitae.</span> 
     </span>
     <span class='ocr_line' id='line_1_3' title="bbox 81 162 974 206; baseline -0.003 -8"><span class='ocrx_word' id='word_1_12' title='bbox 81 163 257 198; x_wconf 75' lang='lat' dir='ltr'><strong>Exsilium</strong></span> <span class='ocrx_word' id='word_1_13' title='bbox 274 166 309 196; x_wconf 89' lang='lat' dir='ltr'>et</span> <span class='ocrx_word' id='word_1_14' title='bbox 326 174 451 205; x_wconf 77' lang='lat' dir='ltr'>carcer,</span> <span class='ocrx_word' id='word_1_15' title='bbox 468 162 801 206; x_wconf 72' lang='lat' dir='ltr'>Minturnarumque</span> <span class='ocrx_word' id='word_1_16' title='bbox 819 162 974 206; x_wconf 85' lang='lat' dir='ltr'>paludes,</span> 
     </span>
     <span class='ocr_line' id='line_1_4' title="bbox 83 208 817 252; baseline -0.004 -9"><span class='ocrx_word' id='word_1_17' title='bbox 83 209 130 244; x_wconf 86' lang='lat' dir='ltr'>Et</span> <span class='ocrx_word' id='word_1_18' title='bbox 146 209 364 243; x_wconf 85' lang='lat' dir='ltr'>mendicatus</span> <span class='ocrx_word' id='word_1_19' title='bbox 381 208 474 242; x_wconf 86' lang='lat' dir='ltr'>victa</span> <span class='ocrx_word' id='word_1_20' title='bbox 492 208 701 251; x_wconf 74' lang='lat' dir='ltr'>Carthagine</span> <span class='ocrx_word' id='word_1_21' title='bbox 718 208 817 252; x_wconf 83' lang='lat' dir='ltr'>panis</span> 
     </span>
     <span class='ocr_line' id='line_1_5' title="bbox 85 253 960 295; baseline -0.002 -7"><span class='ocrx_word' id='word_1_22' title='bbox 85 255 179 288; x_wconf 86' lang='lat' dir='ltr'>Hinc</span> <span class='ocrx_word' id='word_1_23' title='bbox 197 266 317 288; x_wconf 85' lang='lat' dir='ltr'>causas</span> <span class='ocrx_word' id='word_1_24' title='bbox 333 254 494 287; x_wconf 78' lang='lat' dir='ltr'>habuere.</span> <span class='ocrx_word' id='word_1_25' title='bbox 544 254 636 295; x_wconf 82' lang='lat' dir='ltr'>Quid</span> <span class='ocrx_word' id='word_1_26' title='bbox 653 254 713 286; x_wconf 90' lang='lat' dir='ltr'>illo</span> <span class='ocrx_word' id='word_1_27' title='bbox 731 254 805 287; x_wconf 89' lang='lat' dir='ltr'>cive</span> <span class='ocrx_word' id='word_1_28' title='bbox 822 253 960 287; x_wconf 76' lang='lat' dir='ltr'>tulisset</span> 
     </span>
     <span class='ocr_line' id='line_1_6' title="bbox 86 299 968 343; baseline -0.002 -9"><span class='ocrx_word' id='word_1_29' title='bbox 86 301 221 334; x_wconf 90' lang='lat' dir='ltr'>Natura</span> <span class='ocrx_word' id='word_1_30' title='bbox 237 301 275 333; x_wconf 88' lang='lat' dir='ltr'>in</span> <span class='ocrx_word' id='word_1_31' title='bbox 292 300 403 342; x_wconf 76' lang='lat' dir='ltr'>terris,</span> <span class='ocrx_word' id='word_1_32' title='bbox 421 299 505 343; x_wconf 90' lang='lat' dir='ltr'>quid</span> <span class='ocrx_word' id='word_1_33' title='bbox 523 299 633 332; x_wconf 86' lang='lat' dir='ltr'>Roma</span> <span class='ocrx_word' id='word_1_34' title='bbox 649 299 785 332; x_wconf 86' lang='lat' dir='ltr'>beatius</span> <span class='ocrx_word' id='word_1_35' title='bbox 802 311 968 343; x_wconf 84' lang='lat' dir='ltr'>unquam,</span> 
     </span>
     <span class='ocr_line' id='line_1_7' title="bbox 85 344 1207 389; baseline -0.004 -9"><span class='ocrx_word' id='word_1_36' title='bbox 85 347 131 389; x_wconf 79' lang='lat' dir='ltr'>Si,</span> <span class='ocrx_word' id='word_1_37' title='bbox 150 346 389 380; x_wconf 89' lang='lat' dir='ltr'>circumducto</span> <span class='ocrx_word' id='word_1_38' title='bbox 406 345 622 389; x_wconf 85' lang='lat' dir='ltr'>captivorum</span> <span class='ocrx_word' id='word_1_39' title='bbox 640 345 778 388; x_wconf 79' lang='lat' dir='ltr'>agmine</span> <span class='ocrx_word' id='word_1_40' title='bbox 796 349 831 378; x_wconf 87' lang='lat' dir='ltr'>et</span> <span class='ocrx_word' id='word_1_41' title='bbox 848 345 942 378; x_wconf 88' lang='lat' dir='ltr'>omni</span> <span class='ocrx_word' id='word_1_42' title='bbox 1139 344 1207 376; x_wconf 80' lang='lat'>280</span> 
     </span>
     <span class='ocr_line' id='line_1_8' title="bbox 84 391 976 436; baseline -0.002 -11"><span class='ocrx_word' id='word_1_43' title='bbox 84 392 262 426; x_wconf 85' lang='lat' dir='ltr'>Bellorum</span> <span class='ocrx_word' id='word_1_44' title='bbox 278 403 413 436; x_wconf 81' lang='lat' dir='ltr'>pompa,</span> <span class='ocrx_word' id='word_1_45' title='bbox 431 391 584 424; x_wconf 87' lang='lat' dir='ltr'>animam</span> <span class='ocrx_word' id='word_1_46' title='bbox 601 391 797 424; x_wconf 75' lang='lat' dir='ltr'>exhalasset</span> <span class='ocrx_word' id='word_1_47' title='bbox 814 391 976 434; x_wconf 80' lang='lat' dir='ltr'>opimam,</span> 
     </span>
     <span class='ocr_line' id='line_1_9' title="bbox 88 436 961 479; baseline -0.002 -8"><span class='ocrx_word' id='word_1_48' title='bbox 88 438 205 479; x_wconf 81' lang='lat' dir='ltr'>Quum</span> <span class='ocrx_word' id='word_1_49' title='bbox 223 438 265 470; x_wconf 91' lang='lat' dir='ltr'>de</span> <span class='ocrx_word' id='word_1_50' title='bbox 283 437 471 470; x_wconf 77' lang='lat' dir='ltr'>Teutonico</span> <span class='ocrx_word' id='word_1_51' title='bbox 489 437 595 469; x_wconf 87' lang='lat' dir='ltr'>vellet</span> <span class='ocrx_word' id='word_1_52' title='bbox 613 436 817 469; x_wconf 82' lang='lat' dir='ltr'>descendere</span> <span class='ocrx_word' id='word_1_53' title='bbox 835 438 961 470; x_wconf 71' lang='lat' dir='ltr'>curru?</span> 
     </span>
     <span class='ocr_line' id='line_1_10' title="bbox 88 481 917 526; baseline -0.004 -9"><span class='ocrx_word' id='word_1_54' title='bbox 88 483 239 517; x_wconf 82' lang='lat' dir='ltr'>Piovida</span> <span class='ocrx_word' id='word_1_55' title='bbox 256 483 419 526; x_wconf 89' lang='lat' dir='ltr'>Pompeio</span> <span class='ocrx_word' id='word_1_56' title='bbox 437 482 580 514; x_wconf 83' lang='lat' dir='ltr'>dederat</span> <span class='ocrx_word' id='word_1_57' title='bbox 599 482 789 525; x_wconf 82' lang='lat' dir='ltr'>Campania</span> <span class='ocrx_word' id='word_1_58' title='bbox 805 481 917 515; x_wconf 81' lang='lat' dir='ltr'>febies</span> 
     </span>
     <span class='ocr_line' id='line_1_11' title="bbox 88 527 934 573; baseline -0.002 -10"><span class='ocrx_word' id='word_1_59' title='bbox 88 529 285 573; x_wconf 73' lang='lat' dir='ltr'>optandas:</span> <span class='ocrx_word' id='word_1_60' title='bbox 311 528 370 561; x_wconf 86' lang='lat' dir='ltr'>sed</span> <span class='ocrx_word' id='word_1_61' title='bbox 386 527 506 560; x_wconf 78' lang='lat' dir='ltr'>multae</span> <span class='ocrx_word' id='word_1_62' title='bbox 525 527 625 560; x_wconf 87' lang='lat' dir='ltr'>urbes</span> <span class='ocrx_word' id='word_1_63' title='bbox 643 532 677 560; x_wconf 90' lang='lat' dir='ltr'>et</span> <span class='ocrx_word' id='word_1_64' title='bbox 695 527 836 571; x_wconf 86' lang='lat' dir='ltr'>publica</span> <span class='ocrx_word' id='word_1_65' title='bbox 852 532 934 561; x_wconf 79' lang='lat' dir='ltr'>vota</span> 
     </span>
     <span class='ocr_line' id='line_1_12' title="bbox 88 572 893 617; baseline -0.004 -9"><span class='ocrx_word' id='word_1_66' title='bbox 88 575 267 608; x_wconf 84' lang='lat' dir='ltr'>Vicerunt.</span> <span class='ocrx_word' id='word_1_67' title='bbox 316 574 432 617; x_wconf 79' lang='lat' dir='ltr'>Igitur</span> <span class='ocrx_word' id='word_1_68' title='bbox 450 573 631 606; x_wconf 77' lang='lat' dir='ltr'>Fortuna</span> <span class='ocrx_word' id='word_1_69' title='bbox 621 573 730 616; x_wconf 84' lang='lat' dir='ltr'>ipsius</span> <span class='ocrx_word' id='word_1_70' title='bbox 748 576 782 606; x_wconf 88' lang='lat' dir='ltr'>et</span> <span class='ocrx_word' id='word_1_71' title='bbox 800 572 893 606; x_wconf 86' lang='lat' dir='ltr'>urbis</span> 
     </span>
     <span class='ocr_line' id='line_1_13' title="bbox 89 619 980 663; baseline -0.003 -9"><span class='ocrx_word' id='word_1_72' title='bbox 89 621 273 655; x_wconf 78' lang='lat' dir='ltr'>Servatum</span> <span class='ocrx_word' id='word_1_73' title='bbox 290 620 381 653; x_wconf 87' lang='lat' dir='ltr'>victo</span> <span class='ocrx_word' id='word_1_74' title='bbox 399 622 505 663; x_wconf 87' lang='lat' dir='ltr'>caput</span> <span class='ocrx_word' id='word_1_75' title='bbox 522 619 677 652; x_wconf 82' lang='lat' dir='ltr'>abstulit.</span> <span class='ocrx_word' id='word_1_76' title='bbox 728 619 804 652; x_wconf 91' lang='lat' dir='ltr'>Hoc</span> <span class='ocrx_word' id='word_1_77' title='bbox 821 619 980 652; x_wconf 83' lang='lat' dir='ltr'>cruciatu</span> 
     </span>
     <span class='ocr_line' id='line_1_14' title="bbox 89 664 1003 716; baseline -0.003 -16"><span class='ocrx_word' id='word_1_78' title='bbox 89 666 270 710; x_wconf 77' lang='lat' dir='ltr'>Lentulus,</span> <span class='ocrx_word' id='word_1_79' title='bbox 288 666 352 698; x_wconf 86' lang='lat' dir='ltr'>hac</span> <span class='ocrx_word' id='word_1_80' title='bbox 370 676 472 716; x_wconf 72' lang='lat' dir='ltr'>poena</span> <span class='ocrx_word' id='word_1_81' title='bbox 489 665 601 697; x_wconf 80' lang='lat' dir='ltr'>caruit</span> <span class='ocrx_word' id='word_1_82' title='bbox 619 664 813 708; x_wconf 80' lang='lat' dir='ltr'>ceciditque</span> <span class='ocrx_word' id='word_1_83' title='bbox 832 665 1003 709; x_wconf 83' lang='lat' dir='ltr'>Cethegus</span> 
     </span>
     <span class='ocr_line' id='line_1_15' title="bbox 91 711 871 755; baseline -0.003 -10"><span class='ocrx_word' id='word_1_84' title='bbox 91 713 240 755; x_wconf 81' lang='lat' dir='ltr'>Integer,</span> <span class='ocrx_word' id='word_1_85' title='bbox 259 715 293 744; x_wconf 87' lang='lat' dir='ltr'>et</span> <span class='ocrx_word' id='word_1_86' title='bbox 305 711 420 755; x_wconf 79' lang='lat' dir='ltr'>jacuit</span> <span class='ocrx_word' id='word_1_87' title='bbox 438 711 589 743; x_wconf 76' lang='lat' dir='ltr'>Catilina</span> <span class='ocrx_word' id='word_1_88' title='bbox 606 711 771 743; x_wconf 85' lang='lat' dir='ltr'>cadavere</span> <span class='ocrx_word' id='word_1_89' title='bbox 789 714 871 744; x_wconf 89' lang='lat' dir='ltr'>toto.</span> 
     </span>
     <span class='ocr_line' id='line_1_16' title="bbox 136 739 995 801; baseline -0.001 -11"><span class='ocrx_word' id='word_1_90' title='bbox 136 739 299 791; x_wconf 73' lang='lat' dir='ltr'>Forniam</span> <span class='ocrx_word' id='word_1_91' title='bbox 316 760 414 801; x_wconf 83' lang='lat' dir='ltr'>optat</span> <span class='ocrx_word' id='word_1_92' title='bbox 431 756 564 789; x_wconf 90' lang='lat' dir='ltr'>modico</span> <span class='ocrx_word' id='word_1_93' title='bbox 582 756 705 799; x_wconf 65' lang='grc'><strong>11110115,</strong></span> <span class='ocrx_word' id='word_1_94' title='bbox 724 758 852 799; x_wconf 83' lang='lat' dir='ltr'>majore</span> <span class='ocrx_word' id='word_1_95' title='bbox 869 756 995 800; x_wconf 88' lang='lat' dir='ltr'>puellis</span> 
     </span>
     <span class='ocr_line' id='line_1_17' title="bbox 91 801 1211 845; baseline -0.003 -8"><span class='ocrx_word' id='word_1_96' title='bbox 91 803 281 845; x_wconf 78' lang='lat' dir='ltr'>Mur,mure</span> <span class='ocrx_word' id='word_1_97' title='bbox 299 813 408 845; x_wconf 91' lang='lat' dir='ltr'>quum</span> <span class='ocrx_word' id='word_1_98' title='bbox 426 802 569 836; x_wconf 89' lang='lat' dir='ltr'>Veneris</span> <span class='ocrx_word' id='word_1_99' title='bbox 587 802 709 835; x_wconf 80' lang='lat' dir='ltr'>sanum</span> <span class='ocrx_word' id='word_1_100' title='bbox 727 802 822 835; x_wconf 82' lang='lat' dir='ltr'>videt</span> <span class='ocrx_word' id='word_1_101' title='bbox 839 803 945 836; x_wconf 75' lang='lat' dir='ltr'>anxia</span> <span class='ocrx_word' id='word_1_102' title='bbox 961 805 1083 840; x_wconf 79' lang='lat' dir='ltr'>mater.</span> <span class='ocrx_word' id='word_1_103' title='bbox 1141 801 1211 835; x_wconf 82' lang='lat'>290</span> 
     </span>
     <span class='ocr_line' id='line_1_18' title="bbox 91 847 1073 893; baseline 0.002 -14.008"><span class='ocrx_word' id='word_1_104' title='bbox 91 848 210 891; x_wconf 83' lang='lat' dir='ltr'>Usque</span> <span class='ocrx_word' id='word_1_105' title='bbox 227 848 271 880; x_wconf 88' lang='lat' dir='ltr'>ad</span> <span class='ocrx_word' id='word_1_106' title='bbox 290 847 428 881; x_wconf 84' lang='lat' dir='ltr'>delicias</span> <span class='ocrx_word' id='word_1_107' title='bbox 446 851 614 881; x_wconf 86' lang='lat' dir='ltr'>votorum.</span> <span class='ocrx_word' id='word_1_108' title='bbox 665 848 764 881; x_wconf 85' lang='lat' dir='ltr'>“Cur</span> <span class='ocrx_word' id='word_1_109' title='bbox 780 848 929 891; x_wconf 52' lang='lat' dir='ltr'>‘famens&#39;</span> <span class='ocrx_word' id='word_1_110' title='bbox 948 848 1073 893; x_wconf 86' lang='lat' dir='ltr'>inquit,</span> 
     </span>
     <span class='ocr_line' id='line_1_19' title="bbox 90 893 929 936; baseline 0.001 -10"><span class='ocrx_word' id='word_1_111' title='bbox 90 895 108 911; x_wconf 74' lang='lat'>‘⁶</span> <span class='ocrx_word' id='word_1_112' title='bbox 122 893 291 936; x_wconf 72' lang='lat' dir='ltr'>corripias</span> <span class='ocrx_word' id='word_1_113' title='bbox 305 893 317 926; x_wconf 72' lang='lat'>2</span> <span class='ocrx_word' id='word_1_114' title='bbox 343 893 470 926; x_wconf 85' lang='lat' dir='ltr'>Pulcra</span> <span class='ocrx_word' id='word_1_115' title='bbox 486 894 616 936; x_wconf 85' lang='lat' dir='ltr'>gaudet</span> <span class='ocrx_word' id='word_1_116' title='bbox 633 893 765 926; x_wconf 82' lang='lat' dir='ltr'>Latona</span> <span class='ocrx_word' id='word_1_117' title='bbox 782 894 929 928; x_wconf 80' lang='lat' dir='ltr'>Diana.&#39;⁷</span> 
     </span>
     <span class='ocr_line' id='line_1_20' title="bbox 92 937 885 981; baseline 0 -10"><span class='ocrx_word' id='word_1_118' title='bbox 92 937 159 971; x_wconf 64' lang='lat' dir='ltr'>Sed</span> <span class='ocrx_word' id='word_1_119' title='bbox 176 941 272 971; x_wconf 85' lang='lat' dir='ltr'>vetat</span> <span class='ocrx_word' id='word_1_120' title='bbox 289 937 401 980; x_wconf 81' lang='lat' dir='ltr'>optari</span> <span class='ocrx_word' id='word_1_121' title='bbox 417 937 541 969; x_wconf 85' lang='lat' dir='ltr'>faciem</span> <span class='ocrx_word' id='word_1_122' title='bbox 559 937 728 979; x_wconf 81' lang='lat' dir='ltr'>Lucretia,</span> <span class='ocrx_word' id='word_1_123' title='bbox 746 937 885 981; x_wconf 84' lang='lat' dir='ltr'>qualem</span> 
     </span>
     <span class='ocr_line' id='line_1_21' title="bbox 94 982 984 1027; baseline 0 -11"><span class='ocrx_word' id='word_1_124' title='bbox 94 982 175 1027; x_wconf 81' lang='lat' dir='ltr'>Ipsa</span> <span class='ocrx_word' id='word_1_125' title='bbox 191 982 333 1016; x_wconf 84' lang='lat' dir='ltr'>habuit:</span> <span class='ocrx_word' id='word_1_126' title='bbox 360 986 502 1026; x_wconf 85' lang='lat' dir='ltr'>cuperet</span> <span class='ocrx_word' id='word_1_127' title='bbox 520 982 648 1015; x_wconf 82' lang='lat' dir='ltr'>Rutilae</span> <span class='ocrx_word' id='word_1_128' title='bbox 667 983 825 1026; x_wconf 84' lang='lat' dir='ltr'>Virginia</span> <span class='ocrx_word' id='word_1_129' title='bbox 841 983 984 1026; x_wconf 81' lang='lat' dir='ltr'>gibbum</span> 
     </span>
     <span class='ocr_line' id='line_1_22' title="bbox 94 1028 1048 1072; baseline 0.001 -11"><span class='ocrx_word' id='word_1_130' title='bbox 94 1029 259 1072; x_wconf 87' lang='lat' dir='ltr'>Accipere</span> <span class='ocrx_word' id='word_1_131' title='bbox 276 1031 381 1071; x_wconf 80' lang='lat' dir='ltr'>atque</span> <span class='ocrx_word' id='word_1_132' title='bbox 399 1040 497 1060; x_wconf 80' lang='lat' dir='ltr'>suam</span> <span class='ocrx_word' id='word_1_133' title='bbox 515 1028 643 1061; x_wconf 77' lang='lat' dir='ltr'>Rutilae</span> <span class='ocrx_word' id='word_1_134' title='bbox 661 1028 751 1061; x_wconf 88' lang='lat' dir='ltr'>dare.</span> <span class='ocrx_word' id='word_1_135' title='bbox 800 1029 910 1062; x_wconf 88' lang='lat' dir='ltr'>Filius</span> <span class='ocrx_word' id='word_1_136' title='bbox 928 1034 1048 1062; x_wconf 88' lang='lat' dir='ltr'>autem</span> 
     </span>
     <span class='ocr_line' id='line_1_23' title="bbox 95 1074 971 1118; baseline 0.001 -11"><span class='ocrx_word' id='word_1_137' title='bbox 95 1075 252 1118; x_wconf 85' lang='lat' dir='ltr'>Corporis</span> <span class='ocrx_word' id='word_1_138' title='bbox 269 1074 399 1117; x_wconf 85' lang='lat' dir='ltr'>egregii</span> <span class='ocrx_word' id='word_1_139' title='bbox 416 1074 557 1106; x_wconf 85' lang='lat' dir='ltr'>miseros</span> <span class='ocrx_word' id='word_1_140' title='bbox 576 1074 793 1118; x_wconf 81' lang='lat' dir='ltr'>trepidosque</span> <span class='ocrx_word' id='word_1_141' title='bbox 810 1079 971 1118; x_wconf 85' lang='lat' dir='ltr'>parentes</span> 
     </span>
     <span class='ocr_line' id='line_1_24' title="bbox 94 1119 1011 1163; baseline 0 -10"><span class='ocrx_word' id='word_1_142' title='bbox 94 1120 236 1163; x_wconf 77' lang='lat' dir='ltr'>Semper</span> <span class='ocrx_word' id='word_1_143' title='bbox 252 1120 366 1152; x_wconf 82' lang='lat' dir='ltr'>habet.</span> <span class='ocrx_word' id='word_1_144' title='bbox 416 1119 508 1152; x_wconf 85' lang='lat' dir='ltr'>Rara</span> <span class='ocrx_word' id='word_1_145' title='bbox 525 1124 576 1152; x_wconf 80' lang='lat' dir='ltr'>est</span> <span class='ocrx_word' id='word_1_146' title='bbox 594 1120 678 1152; x_wconf 88' lang='lat' dir='ltr'>adeo</span> <span class='ocrx_word' id='word_1_147' title='bbox 695 1121 877 1154; x_wconf 86' lang='lat' dir='ltr'>concordia</span> <span class='ocrx_word' id='word_1_148' title='bbox 893 1121 1011 1153; x_wconf 85' lang='lat' dir='ltr'>formae</span> 
     </span>
     <span class='ocr_line' id='line_1_25' title="bbox 95 1164 994 1209; baseline 0.001 -11"><span class='ocrx_word' id='word_1_149' title='bbox 95 1167 211 1209; x_wconf 86' lang='lat' dir='ltr'>Atque</span> <span class='ocrx_word' id='word_1_150' title='bbox 228 1164 417 1209; x_wconf 56' lang='lat' dir='ltr'>pudicitiae.</span> <span class='ocrx_word' id='word_1_151' title='bbox 467 1165 611 1198; x_wconf 83' lang='lat' dir='ltr'>Sanctos</span> <span class='ocrx_word' id='word_1_152' title='bbox 628 1165 710 1197; x_wconf 87' lang='lat' dir='ltr'>licet</span> <span class='ocrx_word' id='word_1_153' title='bbox 726 1165 868 1198; x_wconf 83' lang='lat' dir='ltr'>horrida</span> <span class='ocrx_word' id='word_1_154' title='bbox 884 1177 994 1199; x_wconf 89' lang='lat' dir='ltr'>mores</span> 
     </span>
     <span class='ocr_line' id='line_1_26' title="bbox 95 1210 971 1254; baseline 0 -10"><span class='ocrx_word' id='word_1_155' title='bbox 95 1211 291 1244; x_wconf 77' lang='lat' dir='ltr'>Tradiderit</span> <span class='ocrx_word' id='word_1_156' title='bbox 309 1210 439 1253; x_wconf 76' lang='lat' dir='ltr'>domus,</span> <span class='ocrx_word' id='word_1_157' title='bbox 456 1222 496 1243; x_wconf 86' lang='lat' dir='ltr'>ac</span> <span class='ocrx_word' id='word_1_158' title='bbox 514 1215 645 1243; x_wconf 85' lang='lat' dir='ltr'>veteres</span> <span class='ocrx_word' id='word_1_159' title='bbox 662 1211 801 1244; x_wconf 83' lang='lat' dir='ltr'>imitata</span> <span class='ocrx_word' id='word_1_160' title='bbox 818 1211 971 1254; x_wconf 79' lang='lat' dir='ltr'>Sabinos,</span> 
     </span>
     <span class='ocr_line' id='line_1_27' title="bbox 96 1256 1214 1300; baseline 0 -10"><span class='ocrx_word' id='word_1_161' title='bbox 96 1256 268 1290; x_wconf 70' lang='lat' dir='ltr'>Praeterea</span> <span class='ocrx_word' id='word_1_162' title='bbox 285 1260 420 1289; x_wconf 77' lang='lat' dir='ltr'>eastum</span> <span class='ocrx_word' id='word_1_163' title='bbox 437 1256 618 1299; x_wconf 86' lang='lat' dir='ltr'>ingenium</span> <span class='ocrx_word' id='word_1_164' title='bbox 636 1256 842 1300; x_wconf 80' lang='lat' dir='ltr'>vultumque</span> <span class='ocrx_word' id='word_1_165' title='bbox 858 1257 1013 1291; x_wconf 85' lang='lat' dir='ltr'>modesto</span> <span class='ocrx_word' id='word_1_166' title='bbox 1145 1259 1214 1290; x_wconf 87' lang='lat'>300</span> 
     </span>
     <span class='ocr_line' id='line_1_28' title="bbox 96 1302 943 1346; baseline 0 -10"><span class='ocrx_word' id='word_1_167' title='bbox 96 1303 274 1346; x_wconf 77' lang='lat' dir='ltr'>Sanguine</span> <span class='ocrx_word' id='word_1_168' title='bbox 291 1302 483 1335; x_wconf 85' lang='lat' dir='ltr'>ferventem</span> <span class='ocrx_word' id='word_1_169' title='bbox 500 1302 632 1334; x_wconf 86' lang='lat' dir='ltr'>tribuat</span> <span class='ocrx_word' id='word_1_170' title='bbox 649 1306 776 1335; x_wconf 81' lang='lat' dir='ltr'>natura</span> <span class='ocrx_word' id='word_1_171' title='bbox 792 1302 943 1346; x_wconf 82' lang='lat' dir='ltr'>benigna</span> 
     </span>
     <span class='ocr_line' id='line_1_29' title="bbox 95 1348 1108 1393; baseline 0 -11"><span class='ocrx_word' id='word_1_172' title='bbox 95 1348 210 1392; x_wconf 83' lang='lat' dir='ltr'>Larga</span> <span class='ocrx_word' id='word_1_173' title='bbox 226 1360 351 1381; x_wconf 88' lang='lat' dir='ltr'>manu:</span> <span class='ocrx_word' id='word_1_174' title='bbox 379 1348 478 1391; x_wconf 87' lang='lat' dir='ltr'>(quid</span> <span class='ocrx_word' id='word_1_175' title='bbox 496 1348 587 1380; x_wconf 90' lang='lat' dir='ltr'>enim</span> <span class='ocrx_word' id='word_1_176' title='bbox 605 1359 711 1391; x_wconf 90' lang='lat' dir='ltr'>puero</span> <span class='ocrx_word' id='word_1_177' title='bbox 729 1348 881 1381; x_wconf 85' lang='lat' dir='ltr'>conferre</span> <span class='ocrx_word' id='word_1_178' title='bbox 898 1352 1012 1393; x_wconf 85' lang='lat' dir='ltr'>potest</span> <span class='ocrx_word' id='word_1_179' title='bbox 1029 1348 1108 1392; x_wconf 88' lang='lat' dir='ltr'>plus</span> 
     </span>
     <span class='ocr_line' id='line_1_30' title="bbox 98 1393 881 1437; baseline -0.001 -10"><span class='ocrx_word' id='word_1_180' title='bbox 98 1395 246 1427; x_wconf 80' lang='lat' dir='ltr'>Custode</span> <span class='ocrx_word' id='word_1_181' title='bbox 264 1398 298 1427; x_wconf 86' lang='lat' dir='ltr'>et</span> <span class='ocrx_word' id='word_1_182' title='bbox 316 1405 399 1426; x_wconf 82' lang='lat' dir='ltr'>cura</span> <span class='ocrx_word' id='word_1_183' title='bbox 415 1397 543 1426; x_wconf 87' lang='lat' dir='ltr'>natura</span> <span class='ocrx_word' id='word_1_184' title='bbox 560 1393 733 1437; x_wconf 88' lang='lat' dir='ltr'>potentior</span> <span class='ocrx_word' id='word_1_185' title='bbox 750 1394 843 1426; x_wconf 87' lang='lat' dir='ltr'>omni</span> <span class='ocrx_word' id='word_1_186' title='bbox 854 1394 881 1437; x_wconf 74' lang='lat'>2)</span> 
     </span>
     <span class='ocr_line' id='line_1_31' title="bbox 97 1439 981 1484; baseline 0 -11"><span class='ocrx_word' id='word_1_187' title='bbox 97 1439 175 1473; x_wconf 90' lang='lat' dir='ltr'>Non</span> <span class='ocrx_word' id='word_1_188' title='bbox 192 1440 275 1473; x_wconf 88' lang='lat' dir='ltr'>licet</span> <span class='ocrx_word' id='word_1_189' title='bbox 293 1450 363 1473; x_wconf 86' lang='lat' dir='ltr'>esse</span> <span class='ocrx_word' id='word_1_190' title='bbox 380 1439 487 1472; x_wconf 88' lang='lat' dir='ltr'>viros:</span> <span class='ocrx_word' id='word_1_191' title='bbox 513 1451 594 1471; x_wconf 83' lang='lat' dir='ltr'>nam</span> <span class='ocrx_word' id='word_1_192' title='bbox 611 1439 756 1483; x_wconf 82' lang='lat' dir='ltr'>prodiga</span> <span class='ocrx_word' id='word_1_193' title='bbox 773 1440 981 1484; x_wconf 86' lang='lat' dir='ltr'>corruptoris</span> 
     </span>
     <span class='ocr_line' id='line_1_32' title="bbox 98 1484 877 1529; baseline 0 -11"><span class='ocrx_word' id='word_1_194' title='bbox 98 1486 308 1529; x_wconf 86' lang='lat' dir='ltr'>Improbitas</span> <span class='ocrx_word' id='word_1_195' title='bbox 325 1485 416 1528; x_wconf 83' lang='lat' dir='ltr'>ipsos</span> <span class='ocrx_word' id='word_1_196' title='bbox 434 1484 540 1518; x_wconf 84' lang='lat' dir='ltr'>audet</span> <span class='ocrx_word' id='word_1_197' title='bbox 558 1489 693 1518; x_wconf 85' lang='lat' dir='ltr'>tentare</span> <span class='ocrx_word' id='word_1_198' title='bbox 710 1490 877 1528; x_wconf 82' lang='lat' dir='ltr'>parentes.</span> 
     </span>
     <span class='ocr_line' id='line_1_33' title="bbox 97 1530 1012 1575; baseline 0.001 -11"><span class='ocrx_word' id='word_1_199' title='bbox 97 1531 210 1565; x_wconf 75' lang='lat' dir='ltr'>&#39;santa</span> <span class='ocrx_word' id='word_1_200' title='bbox 226 1532 264 1564; x_wconf 91' lang='lat' dir='ltr'>in</span> <span class='ocrx_word' id='word_1_201' title='bbox 280 1531 481 1563; x_wconf 87' lang='lat' dir='ltr'>muneribus</span> <span class='ocrx_word' id='word_1_202' title='bbox 498 1530 644 1566; x_wconf 79' lang='lat' dir='ltr'>fiducia!</span> <span class='ocrx_word' id='word_1_203' title='bbox 694 1530 822 1564; x_wconf 87' lang='lat' dir='ltr'>Nullus</span> <span class='ocrx_word' id='word_1_204' title='bbox 839 1531 1012 1575; x_wconf 88' lang='lat' dir='ltr'>ephebum</span> 
     </span>
     <span class='ocr_line' id='line_1_34' title="bbox 98 1577 935 1620; baseline 0 -10"><span class='ocrx_word' id='word_1_205' title='bbox 98 1577 295 1610; x_wconf 82' lang='lat' dir='ltr'>Deformem</span> <span class='ocrx_word' id='word_1_206' title='bbox 313 1588 402 1610; x_wconf 75' lang='lat' dir='ltr'>saeva</span> <span class='ocrx_word' id='word_1_207' title='bbox 419 1577 583 1609; x_wconf 80' lang='lat' dir='ltr'>castravit</span> <span class='ocrx_word' id='word_1_208' title='bbox 600 1577 636 1609; x_wconf 88' lang='lat' dir='ltr'>in</span> <span class='ocrx_word' id='word_1_209' title='bbox 654 1588 730 1609; x_wconf 82' lang='lat' dir='ltr'>arce</span> <span class='ocrx_word' id='word_1_210' title='bbox 748 1580 935 1620; x_wconf 80' lang='lat' dir='ltr'>tyrannus:</span> 
     </span>
     <span class='ocr_line' id='line_1_35' title="bbox 98 1623 972 1666; baseline 0 -10"><span class='ocrx_word' id='word_1_211' title='bbox 98 1623 170 1656; x_wconf 83' lang='lat' dir='ltr'>Nec</span> <span class='ocrx_word' id='word_1_212' title='bbox 189 1626 436 1666; x_wconf 76' lang='lat' dir='ltr'>praetextatum</span> <span class='ocrx_word' id='word_1_213' title='bbox 453 1623 570 1665; x_wconf 80' lang='lat' dir='ltr'>rapuit</span> <span class='ocrx_word' id='word_1_214' title='bbox 588 1623 619 1655; x_wconf 91' lang='lat' dir='ltr'>N</span> <span class='ocrx_word' id='word_1_215' title='bbox 623 1634 677 1655; x_wconf 84' lang='lat' dir='ltr'>ero</span> <span class='ocrx_word' id='word_1_216' title='bbox 694 1623 891 1666; x_wconf 74' lang='lat' dir='ltr'>loripedem,</span> <span class='ocrx_word' id='word_1_217' title='bbox 909 1634 972 1656; x_wconf 86' lang='lat' dir='ltr'>nec</span> 
     </span>
     <span class='ocr_line' id='line_1_36' title="bbox 100 1667 1110 1712; baseline 0.002 -11"><span class='ocrx_word' id='word_1_218' title='bbox 100 1669 317 1701; x_wconf 75' lang='lat' dir='ltr'>Strumosum</span> <span class='ocrx_word' id='word_1_219' title='bbox 335 1672 439 1711; x_wconf 63' lang='lat' dir='ltr'>atque</span> <span class='ocrx_word' id='word_1_220' title='bbox 457 1674 555 1701; x_wconf 78' lang='lat' dir='ltr'>utero</span> <span class='ocrx_word' id='word_1_221' title='bbox 575 1669 702 1712; x_wconf 67' lang='lat' dir='ltr'>pariter</span> <span class='ocrx_word' id='word_1_222' title='bbox 718 1667 888 1712; x_wconf 82' lang='lat' dir='ltr'>gibboque</span> <span class='ocrx_word' id='word_1_223' title='bbox 906 1672 1110 1704; x_wconf 77' lang='lat' dir='ltr'>tumentem.</span> 
     </span>
     <span class='ocr_line' id='line_1_37' title="bbox 101 1714 1218 1759; baseline 0.001 -12"><span class='ocrx_word' id='word_1_224' title='bbox 101 1714 117 1747; x_wconf 93' lang='lat' dir='ltr'>I</span> <span class='ocrx_word' id='word_1_225' title='bbox 136 1726 229 1747; x_wconf 85' lang='lat' dir='ltr'>nunc</span> <span class='ocrx_word' id='word_1_226' title='bbox 246 1719 281 1748; x_wconf 88' lang='lat' dir='ltr'>et</span> <span class='ocrx_word' id='word_1_227' title='bbox 293 1715 433 1758; x_wconf 83' lang='lat' dir='ltr'>juvenis</span> <span class='ocrx_word' id='word_1_228' title='bbox 452 1715 563 1758; x_wconf 88' lang='lat' dir='ltr'>specie</span> <span class='ocrx_word' id='word_1_229' title='bbox 581 1715 697 1748; x_wconf 74' lang='lat' dir='ltr'>laetare</span> <span class='ocrx_word' id='word_1_230' title='bbox 716 1714 787 1749; x_wconf 82' lang='lat' dir='ltr'>tui!</span> <span class='ocrx_word' id='word_1_231' title='bbox 814 1726 918 1759; x_wconf 87' lang='lat' dir='ltr'>quem</span> <span class='ocrx_word' id='word_1_232' title='bbox 1149 1717 1218 1748; x_wconf 87' lang='lat'>310</span> 
     </span>
    </p>
   </div>
  </div>
 </body>
</html>
