1284 1922
437 26 608 61 SATIRA
633 24 694 59 VI.

57 94 253 139 Antiquum
269 97 305 127 et
322 97 422 127 vetus
439 97 491 126 est
508 91 671 133 alienum,
690 90 863 131 Postume,
880 88 1014 122 lectum

57 141 256 182 Concutere,
273 144 378 183 atque
395 138 484 172 sacri
502 137 651 171 Genium
668 140 887 170 contemnere
903 133 1019 167 fulcri.

56 189 166 222 Omne
181 186 278 220 aliud
296 185 426 219 crimen
442 194 526 217 mox
543 182 653 215 ferrea
670 179 817 225 protulit
834 188 938 212 zetas:

56 233 232 269 Viderunt
248 232 376 276 primos
393 232 558 273 argentea
575 227 689 261 secula
704 224 863 259 moechos.

101 280 320 314 conventum
335 280 454 308 tamen
471 278 506 307 et
522 278 667 318 pactum
683 277 718 306 et
736 272 909 317 sponsalia
925 274 1043 305 nostra

55 321 277 366 Tempestate.
291 332 401 365 paras,
413 321 559 364 jamque
575 330 596 352 a
612 323 749 352 tonsore
765 318 932 362 magistro

54 367 217 410 Pecteris,
235 371 271 400 et
287 367 398 410 digito
415 366 544 409 pignus
560 365 706 398 fortasse
723 364 860 398 dedisti.

56 413 155 447 Certe
172 424 276 446 sanus
293 415 385 447 eras!
428 412 589 453 Uxorem,
607 410 782 452 Postume,
800 408 919 442 ducis?

54 459 130 502 Dic,
149 470 219 503 qua
235 458 430 502 Tisiphone,
447 456 572 501 quibus
590 455 770 499 exagitare
787 455 960 488 colubris?

55 504 160 538 Ferre
175 508 273 548 potes
291 503 476 545 dominam,
495 502 599 535 salvis
617 506 669 534 tot
685 501 845 544 restibus,
863 499 998 534 ullam?

56 549 173 591 Quum
190 554 335 593 pateant
351 548 433 582 altae
451 548 711 591 caligantesque
727 546 911 579 fenestrae?

56 595 174 636 Quum
190 595 256 628 tibi
272 595 428 627 ticinum
445 605 480 627 se
496 593 649 637 praebeat
666 592 831 625 AEmilius
848 591 958 636 pons?

54 641 129 675 Aut
145 641 175 674 si
191 640 234 673 de
249 640 372 673 multis
389 639 507 672 nullus
524 639 639 683 placet
656 638 782 680 exitus,
799 637 889 670 illud

53 686 179 720 Nonne
195 690 299 730 putas
315 685 450 727 melius,
468 684 561 728 quod
578 689 694 717 tecum
711 684 811 727 pusio
828 682 966 726 dormit,

54 731 170 775 Pusio,
187 732 248 775 qui
264 735 371 764 noctu
386 742 456 763 non
472 730 600 773 litigat,
618 729 731 773 exigit
747 740 768 762 a
784 733 821 762 te

54 777 163 811 Nulla
174 779 295 821 jacens
311 776 386 809 illic
402 775 621 818 munuscula,
639 786 703 808 nec
720 774 887 818 queritur,
905 773 998 818 quod

54 823 102 856 Et
119 823 220 856 lateri
237 833 368 867 parcas,
385 832 459 865 nec,
478 825 652 865 quantum
664 821 781 864 jussit,
799 819 964 853 anheles?

55 868 123 902 Sed
139 869 255 913 placet
271 867 409 901 Ursidio
425 867 484 900 lex
501 867 527 900 J
528 867 618 900 ulia:
643 866 765 900 tollere
783 865 921 898 dulcem

57 914 196 958 Cogitat
212 914 384 955 heredem,
402 913 576 947 cariturus
592 916 730 945 turture
747 922 885 954 magno,

56 959 317 1003 Mullorumque
328 958 425 1002 jubis
442 963 478 991 et
495 961 673 1001 captatore
689 957 844 990 macello.

57 1005 150 1046 Quid
167 1005 243 1038 fieri
258 1015 329 1037 non
345 1015 443 1048 posse
459 1008 571 1047 putes,
591 1003 619 1035 si
631 1003 798 1046 jungitur
813 1001 889 1035 ulla

56 1050 218 1084 Ursidio?
244 1050 273 1083 si
289 1049 503 1083 moechorum
519 1049 720 1081 notissimus
737 1048 821 1081 olim

56 1095 175 1130 Stulta
190 1095 344 1129 maritali
355 1097 432 1138 jam
448 1094 595 1138 porrigit
611 1105 671 1127 ora
687 1094 846 1137 capistro,

58 1141 170 1183 Quem
185 1142 288 1175 toties
305 1141 397 1174 texit
412 1140 561 1184 perituri
578 1140 666 1172 cista
682 1138 824 1172 Latini?

59 1187 174 1228 Quid?
199 1187 290 1231 quod
307 1191 343 1219 et
359 1186 514 1229 antiquis
530 1196 620 1218 uxor
636 1185 679 1218 de
694 1185 849 1218 moribus
866 1184 920 1217 illi

59 1233 244 1274 Quaeritur.
286 1232 313 1266 O
330 1231 466 1273 medici,
483 1231 635 1264 mediam
651 1230 854 1274 pertundite
870 1231 1014 1265 venam!

57 1278 210 1312 Delicias
226 1278 395 1312 hominis!
439 1277 626 1321 Tarpeium
642 1276 750 1309 limen
767 1276 873 1309 adora.

57 1323 192 1358 Pronus
209 1328 244 1357 et
260 1327 420 1357 auratam
437 1322 573 1355 Junoni
589 1322 682 1355 caede
693 1322 892 1365 juvencam,

58 1369 96 1403 Si
112 1369 178 1403 tibi
194 1368 380 1412 contigerit
397 1368 522 1411 capitis
537 1370 697 1400 matrona
713 1367 842 1410 pudici.

58 1414 186 1449 Paucae
203 1415 288 1449 adeo
305 1413 435 1447 Cereris
452 1413 559 1446 vittas
576 1412 776 1456 contingere
793 1412 918 1455 dignae,

60 1460 217 1501 Quarum
233 1471 304 1493 non
320 1460 444 1492 timeat
460 1464 560 1503 pater
577 1457 703 1491 oscula.
744 1457 853 1491 Necte
871 1469 1032 1492 coronam

60 1505 222 1540 Postibus
239 1510 275 1539 et
291 1505 412 1539 densos
429 1516 491 1548 per
507 1503 630 1536 limina
646 1503 752 1536 tende
769 1503 965 1547 corymbos!

60 1551 160 1585 Unus
177 1551 323 1585 Iberinae
340 1551 395 1584 vir
411 1549 547 1583 sufficit.
589 1548 693 1582 Ocius
709 1548 800 1582 illud

61 1597 303 1642 Extorquebis,
319 1600 361 1629 ut
377 1596 452 1629 haec
469 1594 568 1629 oculo
585 1598 750 1628 contenta
766 1595 811 1627 sit
827 1605 907 1628 uno.

61 1649 80 1666 ‘⁶
91 1647 222 1691 Magna
237 1650 356 1681 tamen
371 1646 464 1681 sama
482 1649 533 1679 est
550 1644 732 1690 cujusdam
746 1654 827 1678 rure
843 1647 987 1688 paterno

61 1692 252 1728 Viventis.'’
301 1692 407 1727 Vivat
425 1692 551 1733 Gabiis,
570 1696 611 1725 ut
629 1692 719 1726 vixit
734 1692 772 1725 in
789 1701 870 1734 agro
886 1702 896 1731 ;

1126 22 1170 55 35

1129 957 1175 988 40

1132 1413 1176 1444 50
