1284 1922
105 84 149 115 92
426 80 468 114 D.
487 81 511 114 J
514 80 579 115 UN
582 80 619 113 ΙΙ
637 80 661 114 J
665 79 900 114 UVENALIS

105 145 295 179 Parthenio
311 145 432 187 factas,
450 156 548 178 urnae
566 148 700 178 cratera
717 155 889 188 capacem,

107 192 154 225 Et
172 192 319 234 dignum
337 191 476 223 sitiente
493 190 602 223 Pholo
619 190 674 224 vel
692 191 839 233 conjuge
857 188 982 229 Fusci;

107 237 208 270 Adde
226 241 260 269 et
278 237 467 269 bascaudas
485 244 520 269 et
537 236 632 269 mille
650 235 789 277 escalia,
806 235 960 267 multum

110 283 240 325 Caelati,
258 282 393 315 biberat
411 293 478 325 quo
496 282 642 315 callidus
659 285 769 315 emtor
787 280 942 324 Olynthi.

110 328 177 362 Sed
195 328 271 371 quis
288 339 382 360 nunc
400 328 499 370 alius,
517 339 586 371 qua
602 327 726 360 mundi
742 331 851 370 parte,
869 326 946 369 quis
963 324 1070 358 audet

110 375 266 417 Argento
283 374 445 417 praeferre
463 377 569 417 caput
586 373 754 416 rebusque
773 370 943 405 salutem?

112 417 164 462 [N
167 430 211 451 on
228 422 368 463 propter
384 419 495 452 vitam
511 419 647 452 faciunt
665 418 875 462 patrimonia
893 416 1043 460 quidam,
1183 415 1227 447 50

112 465 179 498 Sed
198 465 283 498 vitio
301 465 382 498 caeci
399 468 539 508 propt-er
556 464 766 508 patrimonia
783 463 938 507 vivunt]

112 511 278 544 Jactatur
294 522 411 543 rerum
427 510 571 543 utilium
588 521 667 553 pars
683 509 855 542 maxima:
882 508 940 541 sed
957 518 1022 540 nee

112 556 250 589 Damna
266 556 395 589 levant.
444 556 551 598 Tunc,
569 555 721 589 adversis
738 554 953 598 urgentibus,
971 553 1057 586 illuc

112 601 263 644 Decidit,
280 605 321 634 ut
338 601 471 634 malum
487 602 576 634 ferro
595 601 834 640 submitteret;
858 600 924 632 hac
942 598 1010 632 rem

114 647 280 691 Explicat
296 651 506 689 angustum3
532 647 739 679 discriminis
756 646 894 685 ultima,
912 644 1078 688 quandon

115 692 282 726 Praesidia
299 693 474 726 afferimus
490 704 615 726 navem
632 692 769 725 factura
785 692 962 724 minorem.

117 738 135 771 I
151 750 246 771 nune
264 742 298 771 et
317 738 430 771 ventis
448 739 601 771 animam
619 738 807 780 committe,
826 737 941 770 dolato

118 784 273 817 Confisus
290 784 398 827 ligno,
416 784 536 827 digitis
553 795 574 816 a
590 788 699 816 morte
716 787 868 816 remotus

120 830 277 870 Quatuor
293 833 356 862 aut
374 833 515 873 septem,
535 829 563 862 si
580 830 625 862 sit
641 829 811 862 latissima
828 828 919 861 taeda
935 830 943 862 3

118 875 204 908 Mox
221 886 300 908 cum
316 875 472 908 reticulis
489 880 524 907 et
543 886 631 918 pane
649 879 684 907 et
701 879 822 908 ventre
839 874 973 916 lagenae
1190 873 1234 904 60

120 921 248 964 Aspice
266 921 450 953 sumendas
468 921 505 952 in
522 924 729 963 tempestate
747 931 890 953 secures.

120 966 187 1000 Sed
205 970 388 1010 postquam
401 966 513 1008 jacuit
531 965 676 1009 planum
692 977 796 1007 mare,
818 969 974 1008 tempora
991 966 1175 1008 postquam

120 1012 289 1055 Prospera
306 1012 451 1045 vectoris
469 1012 650 1055 fatumque
667 1011 841 1044 valentius
859 1011 951 1043 Euro

121 1058 167 1090 Et
185 1058 327 1101 pelago3
352 1062 535 1100 postquam
553 1057 668 1090 Parcae
686 1057 829 1089 meliora
844 1056 995 1098 benigna

122 1103 235 1136 Pensa
251 1115 359 1136 manu
377 1103 511 1136 ducunt
528 1103 664 1145 hilares,
682 1106 718 1135 et
735 1102 892 1135 staminis
910 1101 981 1134 albi

122 1149 295 1191 Lanificae,
312 1149 447 1181 modica
464 1160 527 1181 nec
545 1149 697 1181 multum
713 1148 834 1180 fortior
850 1159 936 1180 aura

123 1194 260 1227 Ventus
277 1194 394 1227 adest:
419 1194 515 1237 inopi
532 1194 736 1226 miserabilis
754 1198 828 1226 arte
845 1192 999 1225 cucurrit

124 1239 289 1272 Vestibus
307 1239 459 1272 extentis
473 1243 518 1281 et,
536 1239 627 1282 quod
645 1241 868 1282 superaverat
885 1249 1006 1280 unum,

125 1285 210 1318 Velo
228 1296 330 1329 prora
348 1296 417 1318 suo.
466 1285 491 1318 J
493 1296 549 1317 am
566 1284 805 1317 deficientibus
823 1283 969 1325 Austris,

71 1367 76 1370 .
125 1331 209 1374 Spes
226 1331 308 1363 vitae
326 1342 406 1363 eum
424 1330 492 1363 sole
509 1330 616 1363 redit:
643 1334 721 1362 tum
737 1332 858 1372 gratus
883 1328 970 1371 Iulo,
1196 1327 1239 1361 70

125 1379 242 1420 Atque
259 1376 433 1409 novercali
452 1376 547 1408 sedes
565 1375 712 1419 praelata
730 1375 872 1417 Lavino,

127 1422 345 1465 Conspicitur
363 1421 519 1454 sublimis
536 1432 635 1464 apex,
654 1421 710 1454 cui
728 1420 876 1453 eandida
892 1430 1018 1452 nomen

127 1467 246 1501 Scrofa
264 1467 369 1509 dedit,
387 1467 478 1499 laetis
496 1466 693 1509 Phrygibus
709 1465 866 1498 mirabile
884 1476 1014 1507 sumen,

126 1513 174 1546 Et
190 1524 372 1556 nunquam
389 1512 470 1546 visis
488 1512 635 1555 triginta
652 1512 746 1544 clara
761 1511 933 1544 mamillis.

128 1559 282 1592 Tandem
299 1558 409 1590 intrat
425 1558 553 1601 positas
571 1557 706 1590 inclusa
722 1568 783 1601 per
800 1567 936 1599 aequora
951 1555 1058 1588 moles

128 1604 411 1647 Tyrrhenamque
428 1603 566 1636 Pharon
583 1607 808 1646 porrectaque
824 1601 965 1634 brachia
981 1612 1129 1644 rursum,

129 1650 212 1690 Quae
231 1649 354 1692 pelago
372 1653 560 1681 occurrunt
576 1648 689 1681 medio
705 1648 875 1691 longeque
891 1646 1094 1690 relinquunt

129 1695 280 1729 Italiam.
329 1694 408 1727 Non
425 1694 472 1727 sic
490 1694 600 1737 igitur
615 1694 783 1727 mirabere
799 1696 929 1736 portus,

203 1756 221 1767 ¹³¹
241 1752 430 1779 sul)mitteret;
451 1759 481 1775 ac
495 1759 524 1775 sc
709 1755 720 1767 '³
741 1749 905 1774 discriminis
920 1749 1018 1773 ultima
1032 1747 1141 1780 quando
