1284 1922
51 63 74 96 6
368 60 412 95 D.
438 60 572 94 JUNH
598 60 864 94 JUVENALIS

52 125 205 159 Perdere
222 127 257 158 et
274 125 430 158 horrenti
447 126 606 159 tunicam
623 137 692 159 non
709 126 851 159 reddere
870 137 966 158 servo
981 124 993 158 2

52 171 138 212 Quis
155 171 303 205 totidem
320 171 432 204 erexit
450 172 561 214 villas,
579 172 656 215 quis
674 172 807 205 fercula
825 176 958 215 septem

52 218 191 251 Secreto
208 217 359 250 coenavit
377 229 462 250 avus
477 218 488 251 2
515 218 619 251 Nunc
637 218 794 261 sportula
812 219 925 262 primo

51 263 188 297 Limine
205 274 314 307 parva
331 263 436 306 sedet,
454 263 565 296 turbae
583 264 751 307 rapienda
769 268 908 306 togatae.

52 308 119 342 Ille
136 313 256 342 tamen
272 308 398 341 faciem
415 309 512 353 prius
529 309 672 354 inspicit
689 314 724 343 et
742 310 907 353 trepidat,
924 320 969 342 ne

54 354 264 399 Suppositus
281 355 400 388 venias
417 366 458 388 ac
474 355 562 388 falso
579 356 719 389 nomine
736 367 866 399 poscas.

54 401 207 444 Agnitus
225 400 374 444 accipies
389 413 397 442 3
418 401 521 445 jubet
539 413 559 434 a
576 413 733 446 praecone
751 402 866 435 vocari

53 446 151 489 Ipsos
169 446 382 489 Trojugenas
397 459 405 488 3
430 459 513 480 nam
530 451 662 480 vexant
679 448 787 480 limen
805 452 840 480 et
856 447 924 490 ipsi
1117 447 1183 480 100

52 493 87 526 N
90 493 254 528 obiscum.
302 493 388 526 “Da
405 494 551 537 praetori,
570 493 755 527 da'deinde
773 493 923 526 tribuno.
1183 508 1189 510 -

54 538 121 571 Sed
139 538 321 572 libertinus
343 539 436 582 prior
452 539 534 572 est.'’
585 542 603 557 ‘⁶
615 538 744 579 Prior,”
763 539 887 582 inquit,
909 540 1002 581 “ego
1020 538 1164 571 adsum:

53 583 124 617 Cur
141 584 295 626 timeam,
313 584 515 617 dubitemve
534 585 648 616 locum
666 584 860 626 defendere,
878 584 1036 626 quamvis

53 629 168 663 Natus
185 629 230 662 ad
247 629 464 673 Euphraten,
480 629 602 662 molles
620 630 711 673 quod
728 630 766 662 in
783 641 866 662 aure
882 629 1045 662 fenestrae

54 674 256 718 Arguerint,
275 675 357 708 licet
374 675 448 719 ipse
467 675 617 718 negem?
647 676 704 709 sed
722 676 877 719 quinque
893 675 1046 707 tabernae

56 721 324 764 Quadringenta
341 724 478 764 parant.
528 721 621 762 Quid
639 722 772 754 confert
789 732 945 765 purpura
961 721 1072 764 major

56 766 270 810 Optandum,
290 766 319 799 si
336 766 505 800 Laurenti
524 767 676 800 custodit
694 767 731 800 in
748 778 830 809 agro

56 812 257 846 Conduetas
276 812 445 845 Corvinus
463 824 541 846 oves
556 812 568 846 2
595 824 657 855 ego
675 813 829 855 possideo
846 812 926 855 plus

56 857 218 891 Pallante
236 862 271 891 et
289 858 446 892 Licinis.’'
494 858 706 901 Exspectent
723 869 801 901 ergo
818 858 973 899 tribuni3

58 904 212 937 Vincant
230 904 374 947 divitiae,
393 915 488 937 sacro
505 916 569 937 nec
588 905 689 937 cedat
706 906 837 946 honori,
1118 905 1186 936 110

56 950 178 994 Nuper
194 950 233 982 in
250 949 342 983 hanc
358 949 480 983 urbem
497 950 643 993 pedibus
662 950 722 993 qui
739 952 882 983 venerat
899 948 986 982 albis
1000 961 1007 982 :

57 995 349 1040 Quandoquidem
366 995 459 1029 inter
476 1007 537 1028 nos
556 995 774 1029 sanctissima
791 995 995 1028 divitiarum

56 1041 225 1085 Majestas
240 1053 247 1075 z
273 1041 349 1084 etsi,
366 1042 508 1074 funesta
525 1041 689 1084 Pecunia,
707 1041 838 1085 templo

56 1087 224 1120 Nondum
241 1087 390 1130 habitas,
408 1087 524 1120 nullas
540 1098 763 1120 nummorum
780 1086 953 1120 ereximus
970 1097 1057 1129 aras,

57 1133 108 1167 Ut
124 1133 252 1166 colitur
269 1133 345 1165 Pax
363 1141 469 1176 atque
487 1132 600 1175 Fides,
618 1133 784 1175 Victoria,
803 1132 935 1175 Virtus,

59 1179 215 1221 Quaeque
233 1178 385 1211 salutato
403 1178 554 1222 crepitat
572 1178 760 1211 Concordia
776 1178 869 1211 nido.

106 1225 174 1258 Sed
192 1235 302 1268 quum
321 1236 477 1257 summus
494 1224 603 1257 honor
620 1224 719 1257 finito
740 1227 918 1267 computet
934 1234 1035 1266 anno,

58 1269 224 1314 Sportula
241 1269 326 1313 quid
345 1270 483 1313 referat,
501 1274 675 1313 quantum
692 1270 884 1302 rationibus
902 1269 1030 1309 addat:

59 1316 152 1357 Quid
168 1316 300 1349 facient
318 1316 470 1357 comites,
490 1315 615 1359 quibus
632 1316 714 1348 hino
732 1320 823 1358 toga,
842 1315 977 1348 calceus
995 1315 1077 1348 hino
1094 1318 1146 1348 est

58 1362 105 1395 Et
122 1362 223 1406 panis
239 1362 427 1405 fumusque
444 1361 538 1394 domi
553 1361 565 1394 2
613 1361 826 1394 Densissima
843 1365 985 1394 centum
1119 1363 1184 1394 120

61 1408 281 1448 Quadrantes
299 1407 424 1440 lectica
441 1407 541 1451 petit,
560 1407 786 1450 sequiturque
802 1407 970 1439 maritum

59 1453 245 1496 Languida
261 1453 317 1486 vel
334 1465 518 1496 praegnans
536 1457 570 1486 et
588 1452 861 1486 circumducitur
877 1464 975 1486 uxor.

61 1499 130 1531 Hic
147 1499 237 1542 petit
254 1498 400 1541 absenti,
418 1503 502 1532 nota
513 1500 589 1542 jam
607 1499 753 1531 callidus
770 1502 854 1540 arte,

61 1544 255 1577 Ostendens
273 1555 420 1578 vacuam
440 1548 474 1577 et
492 1545 646 1577 clausam
663 1555 723 1586 pro
742 1545 888 1586 conjuge
905 1543 1035 1577 sellam.

65 1593 82 1609 “
97 1591 196 1624 Galla
212 1603 289 1624 mea
306 1592 389 1632 est,”
407 1591 531 1634 inquit.
581 1593 599 1608 ‘⁴
615 1591 724 1624 Citius
742 1591 880 1624 dimitte
896 1603 903 1624 ε
928 1591 1079 1624 moraris.

62 1637 191 1677 Profer,
211 1637 318 1677 Galla,
339 1636 472 1678 eaput.⁷'
522 1636 631 1669 “Noli
648 1647 782 1672 vexare,
801 1636 980 1678 quiescit.'⁷

107 1681 186 1724 Ipse
204 1681 276 1713 dies
293 1682 438 1723 pulchro
456 1682 686 1723 distinguitur
703 1681 822 1713 ordine
839 1692 954 1713 rerum
969 1693 976 1714 z

60 1726 235 1771 Sportula,
253 1726 379 1759 deinde
396 1726 520 1770 forum,
534 1727 693 1770 jurisque
710 1726 843 1771 peritus
858 1726 981 1771 Apollo
