1284 1922
0 234 2 243 ι

0 282 1 293 1

478 61 648 96 SATIRA
675 60 750 95 XV.
1105 61 1173 94 117

46 128 274 173 PythagoraS,
293 127 430 162 cunctis
447 128 658 161 animalibus
675 126 848 161 abstinuit
865 125 926 171 qui

46 175 229 220 Tanquam
245 174 386 208 homine
404 178 440 208 et
456 175 572 209 ventri
588 174 738 207 indulsit
754 184 825 207 non
842 184 943 206 omne
960 171 1148 216 legumen?

522 283 695 294 mmm

426 366 656 404 SATIRA
683 367 798 405 XVI.

52 448 142 490 QUIS
159 459 342 481 numerare
359 451 462 491 queat
478 448 590 482 felicis
607 448 758 493 praemia,
778 448 886 492 Galle,

51 494 216 528 Militiae?
259 494 360 535 Quod
377 494 405 527 si
423 495 618 528 subeuntur
634 506 798 539 prospera
815 500 939 538 castra,

51 540 112 574 Me
128 540 298 585 pavidum
315 540 468 584 excipiat
486 541 635 574 tironem
652 546 752 585 porta
770 541 920 574 secundo

52 586 180 620 Sidere.
222 586 305 620 Plus
323 587 453 620 etenim
469 587 536 620 fati
553 587 646 620 valet
664 587 749 620 hora
764 587 917 630 benigni,

54 632 168 673 Quam
186 632 214 666 si
230 643 292 665 nos
310 632 455 666 Veneris
473 633 691 666 commendet
708 633 855 677 epistola
872 632 982 666 Marti

53 678 101 713 Et
118 679 236 712 Samia
252 678 407 722 genitrix
424 690 500 723 quae
519 679 713 713 delectatur
730 691 843 713 arena.

102 725 289 758 Commoda
305 728 494 758 tractemus
511 725 664 769 primum
682 725 897 759 communia:
923 735 1073 769 quorum

56 770 165 804 Haud
181 771 368 804 minimum
383 771 474 804 illud
491 771 566 814 erit,
584 783 628 804 ne
644 775 680 804 te
696 771 836 815 pulsare
853 775 994 815 togatus

56 817 196 850 Audeat
206 829 215 858 3
239 817 346 850 immo
363 817 429 850 etsi
445 817 613 861 pulsetur,
631 817 837 860 dissimulet,
854 829 919 851 nec

58 863 199 897 Audeat
216 874 377 896 excussos
394 863 536 907 praetori
553 863 732 896 ostendere
750 863 871 897 dentes
1137 863 1182 896 10

58 909 106 943 Et
122 910 259 953 nigram
276 909 314 942 in
330 909 420 943 facie
437 909 582 942 tumidis
599 909 767 942 livoribus
785 910 889 943 offam

59 956 178 1000 Atque
195 955 346 997 oculum,
363 955 498 988 medico
516 955 567 988 nil
584 955 822 999 promittente,
840 955 1012 990 relictum.

60 1001 251 1035 Bardaicus
264 1001 376 1045 judex
394 1001 498 1034 datur
515 1001 589 1034 haec
606 1001 731 1045 punire
747 1001 890 1044 volenti,

62 1048 205 1081 Calceus
223 1052 259 1081 et
275 1047 424 1090 grandes
440 1058 569 1090 magna
585 1047 629 1080 ad
648 1047 812 1081 subsellia
830 1059 929 1090 surae,

62 1093 213 1137 Legibus
230 1093 385 1137 antiquis
404 1097 596 1126 castrorum
614 1096 649 1126 et
665 1104 760 1126 more
778 1093 917 1127 Camilli

60 1139 217 1183 Servato,
233 1139 333 1172 miles
350 1150 394 1172 ne
411 1139 543 1173 vallum
560 1139 677 1182 litiget
694 1143 795 1172 extra

63 1186 110 1219 Et
127 1185 248 1230 procul
265 1197 286 1219 a
303 1185 419 1228 signis.
460 1185 485 1219 J
488 1185 664 1218 ustissima
682 1184 934 1218 Centurionum

65 1231 225 1275 Cognitio
242 1235 295 1265 est
311 1232 421 1275 igitur
438 1230 481 1264 de
498 1231 630 1272 milite3
655 1242 720 1264 nec
736 1231 825 1264 mihi
842 1231 952 1265 deerit

65 1278 174 1321 Ultio,
191 1278 220 1311 si
231 1278 338 1322 justae
356 1277 513 1310 defertur
530 1289 634 1310 causa
651 1277 809 1321 querelae.

66 1324 155 1357 Tota
171 1324 290 1357 cohors
307 1327 426 1357 tamen
444 1331 496 1356 est
512 1323 667 1362 inimica,
685 1335 871 1367 omnesque
887 1323 1036 1367 manipli
1144 1324 1190 1356 20

69 1370 246 1403 Consensu
260 1381 388 1413 magno
406 1369 572 1412 efficiunt,
590 1368 754 1402 curabilis
771 1373 812 1402 ut
830 1369 876 1402 sit

69 1416 237 1449 Vindicta
254 1418 289 1449 et
306 1415 453 1459 gravior,
472 1426 578 1459 quam
594 1415 734 1458 injuria.
775 1415 934 1459 Dignum
951 1415 1018 1449 erit
1035 1425 1115 1459 ergo

69 1461 322 1496 Declamatoris
338 1461 473 1494 mulino
491 1461 592 1494 corde
610 1460 760 1504 Vagelli,

72 1508 189 1549 Quum
206 1508 274 1541 duo
291 1518 392 1541 crura
408 1507 546 1549 habeas,
564 1506 735 1540 offendere
752 1509 805 1540 tot
822 1506 961 1550 caligas,
979 1510 1033 1540 tot

71 1553 189 1587 Millia
205 1553 392 1587 clavorum.
435 1553 519 1594 Quis
536 1556 611 1586 tam
627 1552 747 1597 procul
764 1552 855 1586 absit
872 1553 915 1586 ab
933 1552 1018 1586 urbe

73 1599 269 1633 Praeterea‘l
295 1599 372 1643 quis
391 1603 464 1632 tam
482 1598 641 1642 Pylades,
657 1598 784 1632 molem
801 1599 937 1642 aggeris
954 1599 1050 1633 ultra.

75 1645 125 1679 Ut
141 1645 284 1679 veniat?
325 1645 492 1678 Lacrimae
511 1645 684 1678 siccentur
700 1644 869 1688 protinus,
886 1648 922 1678 et
938 1656 974 1679 se

75 1691 312 1725 Excusaturos
328 1702 399 1724 non
417 1690 642 1724 sollicitemus
658 1690 796 1733 amicos,

76 1737 133 1772 Da
149 1741 283 1781 testem,
296 1737 408 1782 judex
425 1748 534 1782 quum
551 1736 690 1770 dixerit.
731 1735 869 1770 Audeat
886 1735 955 1780 ille,
