1284 1922
86 51 129 84 12
408 53 450 87 D.
469 53 603 89 JUNII
621 52 886 90 JUVENALIS

85 118 154 152 Res
170 119 396 153 memoranda-
412 121 511 155 novis
528 121 715 155 annalibus
731 126 838 166 atque
853 122 987 156 recenti

85 164 253 208 Historia,
272 167 455 209 speculum
472 167 584 201 civilis
602 168 736 201 sarcina
752 167 844 202 belli.

84 210 262 244 Nimirum
279 213 407 245 summi
424 213 522 246 ducis
539 218 591 247 est
608 214 763 248 occidere
782 214 930 248 Galbam

86 257 133 290 Et
151 268 273 291 curare
291 262 408 291 cutem
423 271 429 292 :
456 261 583 293 summi
601 260 798 294 constantia
815 261 900 294 civis

84 302 246 337 Bebriaci
262 303 301 336 in
319 315 440 348 campo
451 307 462 324 ²¹
481 305 632 349 spolium
648 306 810 340 affectare
828 305 946 340 Palati

85 348 132 383 Et
148 361 306 393 pressum
322 350 360 383 in
376 351 503 384 faciem
520 351 640 395 digitis
658 352 845 385 extendere
863 363 990 396 panem
1004 363 1011 385 z

87 394 187 435 Quod
203 406 267 429 nec
284 396 322 429 in
339 397 480 440 Assyrio
497 397 701 441 pharetrata
718 397 918 432 Semiramis
935 397 1026 440 orbe,

84 439 213 474 Moesta-
230 453 294 475 nec
311 443 457 476 Actiaca
473 443 558 477 fecit
576 443 759 487 Cleopatra
777 444 905 477 carina.

85 485 156 520 Hic
172 487 293 521 nullus
310 489 423 521 verbis
440 489 552 533 pudor
569 493 632 523 aut
648 490 844 523 reverentia,
860 500 987 523 mensae
1002 501 1011 530 ;
1145 489 1211 521 110

86 531 158 566 Hic
175 534 289 577 turpis
308 534 451 577 Cybeles
469 540 504 568 et
520 535 633 569 stacta
649 547 732 569 voce
748 535 915 579 loquendi

85 577 244 612 Libertas
261 584 296 613 et
313 581 408 613 crine
427 592 531 614 senex
548 581 724 614 fanaticus
742 581 820 614 albo

85 623 270 658 Sacrorum
286 626 442 669 antistes,
460 638 579 660 rarum
597 638 636 660 ac
653 627 875 660 memorabile
891 627 1012 670 magni

86 669 246 704 Gutturis
264 672 465 716 exemplum
483 673 796 717 conducendusque
812 673 988 716 magister.

86 715 180 756 Quid
197 721 317 750 tamen
334 723 548 762 exspectant,
567 718 720 762 Phrygio
739 730 823 762 quos
841 724 979 763 tempus
996 722 1070 752 erat
1082 719 1159 762 jam

84 761 184 795 More
202 774 453 807 supervacuam
471 765 592 798 cultris
610 765 815 808 abrumpere
832 776 972 798 carnem
987 764 1000 798 2

86 807 353 853 Quadringenta
370 810 467 843 dedit
486 810 663 844 Gracchus
681 811 840 844 sestertia
858 811 976 844 dotem

86 853 270 897 Cornicini,
289 855 361 889 sive
376 856 436 890 hic
452 860 547 890 recto
565 860 768 890 cantaverat
786 868 853 890 aere
870 869 878 897 ;

85 899 240 943 Signatae
258 901 388 935 tabulae
404 915 411 942 3
437 902 573 935 dictum
591 905 609 919 ‘⁶
623 903 784 936 Feliciter
798 903 828 937 !”
855 904 983 946 Ingens

86 945 190 979 Coena
208 946 304 980 sedet
319 959 326 988 ;
352 948 483 991 gremio
495 948 610 991 jacuit
626 959 717 981 nova
733 952 847 992 nupta
862 948 990 981 mariti.
1144 948 1211 980 120

86 991 114 1024 O
131 1003 298 1035 proceres,
316 1004 455 1027 censore
472 1005 557 1038 opus
575 998 627 1027 est
644 1005 690 1027 an
706 994 890 1038 haruspice
906 993 1005 1027 nobis
1021 993 1034 1027 ’ἐ

85 1036 225 1071 Scilicet
242 1038 396 1072 horreres
413 1041 614 1083 majoraque
630 1044 785 1073 monstra
803 1045 955 1083 putares,

85 1082 122 1116 Si
138 1084 264 1117 mulier
280 1085 433 1117 vitulum
450 1085 503 1118 vel
524 1086 552 1118 si
568 1085 628 1118 bos
645 1085 761 1118 ederet
778 1085 935 1129 agmun‘?

85 1128 274 1172 Segmenta
291 1134 326 1163 et
343 1131 463 1173 longos
479 1131 621 1164 habitus
639 1134 673 1163 et
690 1131 851 1165 flammea
869 1131 986 1173 sumit,

84 1174 223 1209 Arcano
241 1176 301 1219 qui
319 1187 416 1209 sacra
432 1176 546 1209 ferens
563 1177 729 1209 nutant-ia
746 1177 817 1210 loro

84 1220 233 1254 Sudavit
251 1221 371 1265 clipeis
389 1222 560 1255 ancilibus
575 1226 582 1257 2
611 1222 638 1255 O
656 1227 756 1266 pater
772 1222 879 1266 urbis,

84 1266 187 1299 Unde
203 1267 301 1300 nefas
318 1272 459 1301 tant-um
477 1268 586 1301 Latiis
603 1268 800 1312 pastoribus
817 1268 828 1301 2
854 1268 948 1302 unde

84 1312 172 1345 Haee
188 1313 318 1356 tet-igit,
338 1314 496 1356 Gradive,
514 1318 593 1347 tuos
609 1314 725 1347 urtica
741 1319 883 1358 nepotes
898 1314 910 1347 ‘2

84 1358 258 1401 Traditur,
277 1370 364 1402 ecce,
381 1360 456 1393 viro
474 1360 588 1393 clarus
604 1371 729 1403 genere
746 1364 851 1404 atque
869 1360 991 1404 opibus
1008 1360 1061 1393 vir
1075 1372 1081 1393 :

84 1403 118 1439 N
119 1416 157 1437 ec
174 1404 311 1448 galeam
330 1407 480 1449 quassas,
498 1417 562 1439 nec
579 1409 709 1439 terra-m
726 1406 868 1450 cuspide
885 1406 1013 1450 pulsas,
1143 1407 1209 1439 130

83 1449 118 1483 N
119 1462 157 1484 ec
174 1451 327 1494 quereris
343 1451 437 1494 patri
451 1451 463 1485 2
490 1451 587 1485 Vade
606 1462 686 1494 ergo
703 1455 739 1484 et
756 1452 838 1485 cede
855 1452 964 1485 severi

83 1496 273 1540 Jugeribus
290 1498 413 1541 campi,
432 1509 535 1541 quem
552 1498 700 1541 negligis
719 1500 724 1530 !
761 1499 780 1514 ‘¹
792 1497 952 1531 Officium
969 1508 1042 1530 cras

83 1542 199 1575 Primo
217 1543 285 1576 sole
302 1543 389 1575 mihi
406 1543 641 1586 peragendum
658 1544 695 1575 111
712 1543 801 1576 valle
820 1542 987 1583 Quirini.”

85 1587 167 1627 Quae
185 1599 288 1621 causa
305 1589 406 1621 officii
421 1588 432 1621 ἒ
465 1589 483 1606 “
497 1588 588 1629 Quid
605 1589 727 1632 quaeris
742 1588 754 1621 2
787 1589 819 1621 N
822 1588 899 1621 ubit
914 1588 1056 1631 amicus,

83 1632 156 1666 Nec
173 1634 302 1666 multos
319 1633 493 1667 adhibet.”
542 1634 660 1667 Liceat
677 1635 778 1667 modo
794 1635 908 1666 vivere
922 1646 928 1666 :
953 1634 1048 1676 fient,

83 1678 186 1712 Fient
204 1679 270 1713 ista
289 1679 416 1723 palam,
435 1679 577 1723 cupient
596 1684 630 1713 et
647 1680 685 1712 in
702 1684 782 1713 aeta
797 1680 927 1714 referri.

506 1736 519 1752 b
541 1736 669 1760 Bebriaci
684 1744 781 1768 campo
