1284 1922
486 45 657 79 SATIRA
683 45 744 79 VI.
1135 47 1181 78 45

50 115 251 158 Testiculos,
268 118 454 159 postquam
472 117 651 158 coeperunt
668 126 740 147 esse
758 113 906 157 bilibres,

49 161 208 194 Tonsoris
226 161 353 195 damno
370 165 511 194 tantum
528 160 622 204 rapit
640 160 859 193 Heliodorus.

50 207 263 251 Conspicuus
280 207 383 250 longe
400 206 605 250 cunctisque
622 206 787 239 notabilis
804 207 916 239 intrat

49 253 190 296 Balnea,
208 264 271 286 nec
289 253 393 286 dubie
410 252 589 285 custodem
606 252 688 284 vitis
707 256 742 284 et
762 251 856 284 horti

49 298 230 342 Provocat,
247 310 269 332 a
286 298 427 332 domina
443 298 557 331 factus
575 298 690 341 spado.
740 297 900 330 Dormiat
917 297 978 330 ille

49 344 136 377 Cum
153 345 294 377 domina
309 356 315 378 :
342 344 401 377 sed
418 348 459 377 tu
471 345 547 387 jam
564 344 702 385 durum,
721 343 895 385 Postume,
908 344 1052 386 jamque

0 394 1 400 ¹
53 388 284 422 Tondendum
301 389 462 423 eunucho
479 389 661 423 Bromium
679 390 897 423 committere
914 390 996 424 noli.

96 435 133 469 Si
149 437 279 479 gaudet
297 439 416 478 cantu,
430 434 564 467 nullius
581 434 691 468 fibula
708 435 813 468 durat

49 480 179 514 Vocem
195 481 380 515 vendentis
397 480 603 525 praetoribus
619 493 628 522 3
654 491 784 524 organa
802 491 937 524 semper
1112 481 1180 513 380

50 527 96 559 In
112 527 275 560 manibus
289 540 298 568 ;
323 527 422 560 densi
438 527 580 559 radiant
598 526 775 560 testudine
792 530 867 560 tota

48 572 288 617 Sardonyches
300 585 309 613 ;
335 573 446 617 crispo
463 576 694 606 numerantur
711 572 850 616 pectine
869 571 1017 614 chordae,

49 618 124 659 Quo
141 622 240 651 tener
258 618 469 662 Hedymeles
487 629 627 662 operam
645 618 742 651 dedit
759 630 765 651 :
791 618 887 651 hunc
905 622 1013 661 tenet,
1030 617 1096 650 hoc
1114 628 1149 650 se

49 664 190 698 Solatur
207 669 377 708 gratoque
394 664 556 707 indulget
573 664 671 697 basia
687 664 829 707 plectro.

49 710 219 751 Quaedam
236 710 278 743 de
295 721 440 743 numero
459 709 661 742 Lamiarum
678 720 718 742 ac
735 709 886 742 nominis
904 708 969 742 alti

49 756 136 789 Cum
153 756 245 789 farre
262 760 297 789 et
314 756 396 789 vino
413 756 439 789 J
440 767 549 789 anum
567 755 780 799 Vestamque
796 755 952 799 rogabat,

47 801 104 834 An
122 801 357 846 Capitolinam
374 801 515 834 deberet
532 801 644 834 Pollio
661 812 829 845 quercum

47 847 203 891 Sperare,
221 852 257 880 et
274 847 401 880 fidibus
418 847 631 891 promittere.
681 847 772 887 Quid
789 847 919 880 faceret
936 847 1016 890 plus

46 893 255 937 AEgrotante
272 894 346 927 viro
360 893 372 926 2
397 893 541 926 medicis
560 892 646 936 quid
663 892 824 925 tristibus
842 904 924 936 erga

47 939 75 972 F
77 939 214 972 iliolum
230 938 242 972 2
292 939 399 972 Stetit
416 943 499 972 ante
516 950 622 981 aram,
641 949 706 971 noc
723 943 826 982 turpe
843 938 985 982 putavit
1110 940 1177 972 390

47 984 114 1018 Pro
132 985 268 1018 cithara
285 985 400 1018 velare
418 989 535 1028 caput,
554 984 758 1026 dictataque
775 984 882 1017 verba

46 1030 209 1073 Pertulit,
226 1035 268 1064 ut
284 1042 358 1064 mos
377 1034 438 1072 est,
457 1034 492 1063 et
510 1034 631 1074 aperta
648 1029 777 1073 palluit
794 1041 894 1073 agna.

46 1075 113 1110 Dic
129 1076 218 1109 mihi
234 1088 340 1120 nunc,
359 1087 485 1120 quaeso,
504 1076 569 1118 dic,
588 1075 832 1119 antiquissime
848 1075 990 1118 Divum,

47 1121 246 1167 Respondes
263 1122 328 1165 his,
346 1122 439 1156 Jane
455 1126 556 1166 pater
572 1121 584 1155 2
633 1121 767 1164 Magna
784 1121 856 1154 otia
873 1121 951 1154 coeli
965 1133 972 1154 ε

45 1167 80 1201 N
81 1179 126 1201 on
143 1172 204 1211 est,
221 1172 263 1202 ut
280 1168 391 1211 video,
407 1179 478 1200 non
495 1170 547 1200 est
565 1167 657 1211 quod
675 1171 802 1210 agatur
819 1167 914 1210 apud
931 1178 1000 1201 vos.

46 1213 133 1247 Haec
151 1214 194 1247 de
211 1214 374 1247 comoedis
391 1218 427 1246 te
444 1213 594 1246 consulit
608 1225 617 1253 ;
642 1213 704 1246 illa
721 1213 920 1256 tragoedum

47 1259 296 1294 Commendare
313 1259 407 1293 volet
423 1271 430 1293 :
455 1259 631 1292 varicosus
647 1258 709 1291 fiet
726 1258 913 1302 haruspex.

95 1305 164 1339 Sed
182 1310 302 1339 cantet
318 1305 445 1350 potius,
464 1316 570 1348 quam
587 1308 699 1338 totam
716 1304 873 1348 pervolet
890 1304 1013 1338 urbem

45 1351 185 1395 Audax,
203 1355 239 1385 et
256 1355 366 1385 coetus
383 1351 492 1395 possit
510 1361 617 1394 quam
633 1350 723 1383 ferre
740 1350 904 1392 virorum,

46 1397 203 1441 Cumque
221 1397 399 1441 paludatis
417 1396 565 1429 ducibus
582 1399 754 1440 praesente
770 1396 896 1429 marito
1106 1397 1176 1429 400

46 1443 129 1487 Ipsa
145 1443 242 1487 loqui
257 1447 354 1476 recta
370 1442 460 1475 facie
478 1442 676 1485 strictisque
693 1441 868 1474 mamillis.

46 1488 134 1522 Haec
151 1489 273 1522 eadem
289 1488 399 1531 novit,
417 1488 503 1531 quid
520 1492 594 1520 toto
611 1487 674 1520 fiat
691 1487 729 1519 in
746 1486 826 1520 orbe
840 1499 849 1528 ;

47 1534 141 1576 Quid
158 1534 266 1577 Seres,
284 1534 369 1579 quid
386 1534 536 1566 Thraces
549 1536 658 1576 agant
673 1545 681 1574 ;
707 1536 838 1566 secreta
854 1544 1010 1566 novercae

46 1579 93 1613 Et
109 1581 210 1625 pueri
226 1593 235 1621 ;
260 1581 338 1624 quis
355 1584 459 1622 amet,
477 1579 554 1623 quis
572 1579 760 1623 diripiatur
777 1578 924 1612 adulter.

46 1626 160 1669 Dicet,
178 1626 255 1670 quis
272 1626 418 1659 viduam
435 1629 677 1669 praegnantem
693 1624 825 1668 fecerit,
844 1628 879 1658 et
896 1636 964 1668 quo

46 1671 168 1705 Mense
185 1684 194 1713 ;
219 1671 345 1716 quibus
362 1671 475 1704 verbis
493 1670 701 1704 concumbat
717 1681 874 1714 quaeque,
891 1671 1002 1704 modis
1020 1674 1113 1715 quot.

48 1717 248 1752 Instantem
263 1717 338 1762 regi
355 1717 520 1751 Armenio
538 1716 738 1760 Parthoque
755 1720 913 1749 cometen
