1284 1922
307 170 359 206 A.
401 169 612 206 PERSII
654 169 883 205 FLACCI

213 267 987 326 SATIRAE.

472 502 728 537 PROLOGUS.

131 580 209 614 NEC
226 580 324 614 fonte
340 579 438 613 labra
455 580 569 624 prolui
587 580 769 623 caballino,

130 626 165 660 N
166 635 226 659 eea
243 627 280 659 in
297 626 433 670 bicipiti
451 627 637 660 somniasse
654 626 845 659 Parnasson

133 672 292 712 Memini,
310 677 352 705 ut
369 676 512 716 repente
530 673 578 705 sie
594 677 698 716 poeta
715 672 909 716 p1·0direm;

133 716 452 762 Heliconidasqueb
469 718 707 762 pallidumque
724 718 874 751 Pirenen

134 764 210 797 Illis
226 765 378 808 remitto,
395 776 543 808 quorum
560 765 730 808 imagines
747 764 910 798 lambunt

134 811 282 844 Hederae
300 821 479 854 sequaces:
504 811 579 855 ipse
596 811 841 855 semipaganus

133 857 190 890 Ad
208 868 304 890 sacra
320 862 444 891 vatum
461 868 602 890 carmen
619 856 724 890 affero
741 861 909 891 nostrum.

136 903 222 943 Quis
239 904 420 947 expedivit
437 903 585 947 psittaco
603 914 706 936 suum
722 903 824 942 χαῖρε,

136 948 306 993 Pieasque
324 949 444 983 docuit
460 949 566 982 verba
582 953 701 982 nostra
718 948 858 983 conari?

136 995 306 1038 Magister
323 995 408 1029 artis
425 995 618 1039 ingenique
634 995 780 1038 largitor
1124 995 1168 1028 10

137 1041 279 1084 Venter,
297 1045 442 1085 negatas
460 1041 589 1075 artifex
607 1042 704 1085 sequi
721 1052 829 1075 voees.

139 1087 239 1128 Quod
257 1088 285 1120 si
303 1087 411 1121 dolosi
429 1099 505 1132 spes
522 1087 698 1120 refulserit
714 1087 860 1131 nummi,

138 1134 263 1167 Corvos
280 1138 401 1178 poetas
419 1138 454 1167 et
471 1134 668 1178 poetridasc
685 1134 780 1178 picas

139 1180 288 1214 eantare
305 1180 425 1214 credas
442 1180 651 1224 Pegaseium
667 1183 788 1214 nectar
797 1182 822 1214 d.

466 1380 696 1417 SATIRA
723 1380 753 1416 Ι.

52 1465 80 1500 O
96 1477 198 1499 curas
214 1463 426 1500 hominum!
450 1476 468 1498 ο
486 1469 658 1510 quantum
674 1468 720 1497 est
736 1462 779 1496 in
794 1461 893 1496 rebus
908 1459 1044 1496 inane!

49 1512 68 1529 “
80 1512 165 1554 Quis
182 1512 276 1584 leget?
292 1510 418 1545 haecff’
445 1510 533 1544 Min’
551 1514 593 1544 tu
608 1510 705 1544 istud
721 1508 795 1543 ais'l
827 1509 846 1526 “
856 1509 967 1542 Nemo
983 1507 1125 1542 hercule
1136 1506 1172 1544 !'‘

51 1603 70 1620 “
81 1558 253 1646 VelNgss?
262 1585 319 1638 {rel
335 1614 457 1644 nem03
482 1606 586 1646 turpe
603 1605 638 1636 et
654 1601 850 1635 miserabile
861 1603 868 1636 t
879 1600 898 1614 '’
925 1599 1063 1642 Quare?

49 1649 104 1684 Ne
120 1650 209 1683 mihi
225 1649 459 1694 Polydamase
477 1652 512 1683 et
529 1648 692 1683 Troiades
708 1647 905 1681 Labeonem

110 1709 121 1722 ¹
139 1716 228 1741 neque
243 1727 250 1734 .
267 1726 273 1733 .
289 1726 295 1732 .
312 1708 449 1733 Parnasso
576 1704 587 1721 '³
609 1706 836 1738 Helieoniadasq.
969 1707 980 1720 θ
999 1705 1119 1738 poetrias

256 1743 268 1760 ἃ
289 1745 321 1770 Ρ.
335 1744 422 1770 melos
725 1747 735 1759 ⁸
753 1751 787 1768 ne
802 1761 809 1768 .
825 1761 832 1768 .
847 1761 853 1768 .
869 1742 968 1774 Polyd.
