1284 1922
466 62 639 97 SATIRA
665 61 727 96 IV.
1113 61 1159 94 23

38 133 64 167 J
65 143 121 166 am
138 132 298 176 princeps
314 131 481 174 equitum,
499 141 628 173 magna
645 129 706 173 qui
724 139 806 162 voce
823 127 954 162 solebat

37 178 194 212 Vendere
210 176 402 220 municipes
419 176 552 208 fractab
569 175 611 208 de
629 185 741 208 merce
758 174 880 209 siluros
895 176 902 209 Ξ

36 223 167 267 Incipe,
186 221 347 266 Calliope,
365 221 448 254 licet
465 226 500 254 et
518 220 694 254 considere
709 232 715 252 :
741 231 811 253 non
828 223 880 252 est

36 267 266 310 cantandum,
283 278 336 300 res
353 278 435 300 vem,
451 266 569 309 agitur
583 277 589 299 :
614 269 764 306 narrate,
782 265 909 309 puellae

35 313 210 348 Pierides:
236 313 345 357 prosit
360 312 449 345 mihi
467 323 526 344 vos
543 311 671 344 dixisse
689 310 824 354 puellas
839 313 846 345 ἔ

81 360 199 400 Quum
209 359 285 402 jam
302 357 544 391 semianimum
560 357 728 390 laceraret
745 356 888 389 Flavius
905 355 1022 389 orbem

0 402 1 431 ἶ
35 405 200 447 Ultimus,
218 408 254 437 et
271 403 368 437 calvo
387 403 530 436 serviret
550 402 659 435 Roma
674 402 815 444 Neroni,

35 450 166 484 Incidit
183 449 324 482 Adriaci
342 448 495 492 spatium
512 447 716 481 admirabile
733 446 870 480 rhombi

34 496 128 529 Ante
145 495 287 528 domum
304 494 457 536 Veneris,
475 504 581 536 quam
598 493 724 526 Dorica
741 492 891 526 sustinet
908 491 1040 534 Ancon,
1109 491 1156 523 40

35 541 268 585 Implevitque
285 540 380 573 sinus
394 552 401 573 :
426 550 538 583 neque
556 538 650 572 enim
665 538 778 571 minor
794 538 941 570 haeserat
958 537 1039 580 illis,

35 587 128 628 Quos
145 586 256 630 operit
273 585 400 629 glacies
418 584 593 626 Maeotica,
609 587 784 627 ruptaque
801 583 944 617 tandem

33 631 169 665 Solibus
187 631 336 665 effundit
353 630 523 674 torpentis
541 630 585 663 ad
602 630 690 663 ostia
707 629 822 672 Ponti,

33 677 175 711 Desidia
192 677 308 710 tardos
325 680 360 709 et
376 676 480 719 longo
496 675 624 718 frigore
640 675 798 719 pingues.

33 722 196 756 Destinat
213 722 277 755 hoc
293 726 488 755 monstrum
505 720 637 764 cymbae
654 720 786 764 linique
801 719 969 763 magister

32 768 196 802 Pontifici
213 778 355 801 summO.
405 767 489 808 Quis
507 767 600 800 enim
616 776 805 810 proponere
822 765 929 798 talem

32 814 107 847 Aut
125 825 236 847 emere
253 813 406 855 auderet,
425 824 533 855 quum
550 812 654 856 plena
670 816 705 844 et
723 811 825 844 litora
841 811 953 844 multo

32 859 195 893 Delatore
212 860 326 892 forent
340 858 352 892 2
400 858 555 902 Dispersi
572 857 731 901 protinus
748 857 837 900 algae

33 905 260 949 Inquisitores
277 908 420 948 agerent
438 915 518 936 cum
534 903 664 946 remige
680 903 784 945 nudo,

32 950 113 984 Non
129 950 325 983 dubitaturi
340 949 533 992 fugitivum
550 948 663 981 dicere
679 948 819 991 piscem,
1109 947 1154 979 50

32 995 294 1041 Depastumque
312 995 374 1028 diu
391 994 524 1028 vivaria
542 993 683 1027 Caesaris
698 1006 707 1034 ;
731 993 813 1026 inde

32 1041 201 1086 Elapsum
218 1045 370 1074 veterem
387 1040 432 1073 ad
449 1040 628 1073 dominum
645 1038 768 1072 debere
784 1038 921 1072 reverti.

33 1086 70 1121 Si
86 1087 171 1131 quid
188 1086 354 1127 Palfurio,
372 1086 401 1119 si
417 1085 589 1119 credimus
606 1084 800 1127 Armillato,

33 1132 212 1176 Quidquid
229 1132 454 1175 conspicuum
471 1130 727 1174 pulchrumque
743 1134 795 1163 est
813 1140 948 1174 aequore
966 1131 1050 1172 toto,

33 1177 101 1211 Res
117 1178 191 1211 fisci
207 1181 269 1221 est,
286 1177 498 1219 ubicumque
515 1180 625 1209 natat.
673 1175 871 1209 Donabitur
887 1186 977 1218 ergo,

31 1223 86 1257 Ne
102 1227 230 1267 pereat.
278 1223 304 1256 J
305 1234 363 1256 am
379 1222 514 1255 letifero
531 1222 675 1255 cedente
693 1221 828 1265 pruinis

31 1269 221 1311 Autumno,
233 1269 309 1311 jam
326 1272 533 1312 quartanam
550 1267 769 1311 sperantibus
786 1267 896 1310 aegris,

31 1314 210 1348 Stridebat
226 1314 388 1348 deformis
405 1313 516 1346 hiems
533 1313 755 1357 praedamque
772 1316 946 1345 recentem

31 1360 218 1394 Servabat:
243 1364 362 1393 tamen
378 1359 436 1391 hic
452 1363 624 1402 properat,
642 1358 739 1391 velut
757 1362 878 1401 urgeat
894 1359 1022 1390 Auster
1037 1368 1044 1390 :

31 1406 149 1450 thue
165 1405 261 1439 lacus
278 1404 452 1445 suberant,
471 1404 540 1445 ubi,
559 1414 760 1447 quanquam
777 1403 904 1445 diruta,
923 1406 1037 1436 servat
1110 1403 1154 1435 60

31 1451 155 1495 Ignem
171 1451 360 1494 Trojanum
376 1454 411 1483 et
429 1450 571 1483 Vestam
589 1448 672 1481 colit
689 1448 778 1482 Alba
794 1449 975 1492 minorem,

32 1496 344 1530 Obstitit'intranti
359 1495 520 1528 miratrix
538 1494 640 1528 turba
656 1505 852 1538 parumper.

34 1542 80 1576 Ut
97 1542 207 1585 cessit,
224 1541 321 1575 facili
337 1545 530 1585 patuerunt
547 1540 687 1573 cardine
703 1539 814 1573 valvae
829 1552 838 1581 ;

29 1587 174 1621 Exclusi
191 1591 350 1631 spectant
366 1587 516 1620 admissa
533 1585 674 1629 opsonia
691 1585 821 1619 Patres.

29 1635 107 1669 Itur
122 1634 167 1668 ad
184 1634 341 1668 Atriden.
390 1633 479 1666 Tum
497 1632 627 1673 Picens,
645 1633 665 1649 “
678 1629 836 1674 Accipe,'³
854 1629 954 1672 dixit,

29 1682 50 1699 “
62 1680 212 1714 Privatis
228 1680 361 1723 majora
377 1678 462 1712 focis
476 1690 482 1711 :
508 1677 654 1721 genialis
671 1680 796 1720 agatur

68 1732 80 1750 δ
98 1735 188 1766 fricta,
201 1734 285 1766 sacta,
297 1733 378 1766 farta,
392 1736 484 1765 pacta,
498 1732 578 1764 satin,
592 1733 675 1764 pacta
688 1731 824 1765 mercede,
839 1732 942 1758 Pharia
955 1732 989 1757 de
1004 1739 1095 1758 meree
