1284 1922
442 259 672 296 SATIRA
699 261 750 298 V.

37 353 77 388 St
95 357 130 388 te
145 353 312 398 propositi
328 353 484 387 nondum
502 354 611 397 pudet
628 357 734 398 atque
752 353 872 387 eadem
889 356 941 387 est
956 364 1064 397 mens,

37 400 86 433 Ut
104 400 193 432 bona
210 411 344 432 summa
361 403 462 443 putes
480 400 595 432 aliena
611 400 727 433 vivere
744 400 877 443 quadra
891 412 899 440 ;

37 445 74 478 Si
91 449 188 490 potes
205 445 267 478 illa
283 445 368 488 pati,
386 456 461 488 quae
478 456 541 478 nec
559 444 762 478 Sarmentus
780 445 917 488 iniquas

39 491 180 524 Caesaris
197 490 241 523 ad
258 501 404 533 mensas,
422 502 485 523 nec
503 490 582 523 vilis
601 490 710 524 Galba
727 490 865 523 tulisset
879 502 886 524 :

38 536 205 577 Quamvis
217 537 336 579 jurat-o
353 540 510 568 metuam
527 535 592 568 tibi
609 536 747 569 credere
764 536 856 569 testi.

37 581 168 614 Ventre
185 581 274 613 nihil
291 581 373 614 novi
389 581 570 623 frugalius.
618 581 695 614 Hoc
713 585 831 614 tamen
848 581 963 625 ipsum

36 626 211 660 Defecisse
227 630 324 670 puta,
341 626 433 670 quod
450 626 548 659 inani
565 627 693 659 sufficit
710 627 788 659 alvo
805 638 812 660 z

36 671 144 705 Nulla
161 671 299 715 crepido
316 671 443 705 vacat‘.²
469 681 642 715 nusquam
659 683 744 715 pons
761 676 796 705 et
814 671 940 715 tegetis
957 682 1036 715 pars

35 717 192 750 Dimidia
207 717 341 750 brevior
356 716 368 750 2
394 717 530 750 tantine
547 717 675 760 injuria
692 728 797 751 coenae
813 717 825 750 2

35 763 121 796 Tam
133 764 256 806 jejuna
272 762 392 802 fames,
404 773 513 805 quum
530 762 593 795 Pol
611 763 655 796 sit
673 763 850 796 honestius
868 762 941 796 illic
1113 763 1155 794 10

36 807 82 841 Et
99 812 244 841 tremere
261 811 296 840 et
313 807 426 841 sordes
443 808 543 840 farris
560 808 714 841 mordere
731 809 847 841 canini
861 807 873 841 2

36 852 153 886 Primo
170 853 238 896 fige
255 853 338 895 loco,
358 853 450 896 quod
467 857 517 896 tu,
535 853 749 887 discumbere
761 855 888 897 jussus,

36 898 233 932 Mercedem
251 898 395 931 solidam
412 903 569 932 veterum
587 899 680 943 capis
698 899 895 932 officiorum.

36 943 185 977 Fructus
202 944 364 977 amicitiae
381 955 518 987 magnae
536 944 632 977 cibus
649 956 655 978 :
680 945 833 988 imputat
850 944 944 976 hunc
961 955 1033 986 rex,

36 989 91 1031 Et,
109 989 268 1032 quamvis
284 1000 411 1032 rarum,
429 993 548 1022 tamen
564 989 726 1033 imputat.
775 989 866 1032 Ergo
884 989 968 1022 duos
985 992 1062 1033 post

36 1035 72 1067 Si
90 1035 194 1075 libuit
210 1045 344 1067 menses
361 1034 560 1078 neglectum
577 1034 740 1068 adhibere
757 1034 930 1078 clientem,

36 1079 152 1113 Tertia
169 1090 212 1112 ne
229 1090 339 1112 vacuo
356 1083 503 1113 cessaret
520 1080 649 1113 culcita
666 1080 765 1121 lecto,

35 1127 57 1144 “
71 1126 148 1159 Una
164 1124 304 1165 simus,’'
321 1126 383 1159 ait.
433 1126 600 1159 Votorum
617 1135 773 1158 summa:
798 1124 882 1168 quid
898 1124 993 1157 ultra

37 1170 169 1211 Quaeris
183 1170 196 1203 ’ἑ
245 1170 362 1202 Habet
379 1169 532 1212 Trebius,
550 1173 691 1214 propter
708 1170 799 1214 quod
816 1181 977 1214 rumpere
994 1181 1154 1203 somnum

35 1215 170 1248 Debeat
187 1218 222 1248 et
238 1214 366 1258 ligulas
383 1215 567 1257 dimittere,
586 1215 763 1257 sollicitus,
780 1227 825 1249 ne
1109 1217 1154 1248 20

35 1260 123 1294 Tota
140 1260 326 1293 salutatrix
338 1261 414 1303 jam
431 1260 533 1298 turba
550 1261 722 1304 peregerit
739 1260 865 1304 orbem,

36 1305 213 1339 Sideribus
231 1305 356 1348 dubiis,
373 1310 436 1339 aut
453 1306 513 1338 illo
530 1309 694 1349 tempore,
712 1317 779 1348 quo
797 1317 832 1339 se

35 1350 180 1394 Frigida
197 1351 441 1393 circumagunt
457 1351 548 1395 pigri
566 1362 702 1384 sarraca
719 1351 845 1384 Bootae.

37 1396 157 1437 Qualis
175 1407 272 1429 coena
288 1400 406 1429 tamen
423 1395 435 1429 ’ζ
485 1397 626 1438 Vinum,
644 1396 736 1440 quod
753 1396 873 1430 sucida
889 1395 978 1430 nolit

35 1441 133 1475 Lana
148 1442 245 1485 pati:
271 1441 313 1474 de
331 1441 476 1475 conviva
494 1441 690 1485 Corybanta
706 1441 848 1476 videbis.

36 1487 62 1521 J
64 1487 165 1530 urvis
181 1486 392 1530 proludunt:
419 1487 478 1519 scd
494 1497 575 1519 mox
593 1490 627 1519 et
645 1487 769 1531 pocula
786 1491 923 1531 torques

37 1532 183 1566 Saucius
201 1536 236 1565 et
252 1532 357 1565 rubra
376 1532 532 1575 deterges
550 1532 694 1565 vulnera
710 1543 847 1576 mappa.

38 1577 136 1611 Inter
152 1589 212 1611 vos
229 1578 363 1621 quoties
379 1577 650 1621 libertorumque
667 1577 844 1611 eohortem

38 1622 164 1666 Pugna
181 1622 377 1666 Saguntina
393 1623 504 1656 fervet
521 1623 702 1656 commissa
718 1623 866 1666 lagena:

40 1667 120 1711 Ipse
137 1669 300 1712 capillato
317 1668 483 1703 diffusum
501 1668 648 1701 Consule
661 1673 772 1712 potat,
1110 1670 1155 1702 30

39 1713 284 1759 Calcatamque
301 1717 398 1748 tenet
414 1713 514 1748 bellis
531 1713 714 1748 socialibus
730 1725 845 1757 uvam,
