1284 1922
112 58 157 90 '70
434 56 475 89 D.
493 55 626 90 JUNII
644 55 908 89 JUVENALIS

113 120 213 154 Pacis
230 124 265 154 et
281 121 435 154 advectae
454 124 584 154 secreta
601 121 735 164 palatia
752 121 877 154 Matris

112 166 159 200 Et
177 167 332 200 Cererem
352 167 447 209 (nam
465 178 532 210 quo
549 178 619 199 non
636 170 769 210 prostat
782 167 913 200 femina
929 165 1059 211 templo
1069 165 1098 210 2)

111 211 234 245 Notior
251 212 391 246 Aufidio
408 212 562 245 moechus
580 212 751 245 celebrare
769 212 908 255 solebas,

113 257 282 301 Quodque
300 261 403 300 taces,
421 258 512 301 ipsos
530 257 637 290 etiam
654 257 821 290 inclinare
838 257 989 290 maritos.

112 303 134 320 “
146 303 240 336 Utile
261 307 296 337 et
313 303 377 337 hoc
393 303 515 336 multis
532 303 614 337 vitae
631 313 740 346 genus
757 314 764 336 ε
789 305 826 336 at
842 302 929 335 mihi
946 302 1084 335 nullum

113 347 200 380 Inde
218 359 328 391 operae
346 348 508 391 pretium.
550 348 702 390 Pingues
719 348 911 391 aliquando
928 348 1093 391 lacernas,

112 391 336 426 Munimenta
353 397 452 436 togae,
470 393 549 426 duri
566 393 739 436 crassique
756 393 886 435 coloris,

112 437 159 471 Et
176 438 266 472 male
284 450 462 482 percussas
479 439 624 471 textoris
641 439 778 481 pectine
797 439 888 472 Galli
1186 440 1232 472 30

112 483 323 527 Accipimus,
341 487 446 517 tenue
463 487 649 527 argentum
666 495 832 527 venaeque
850 484 1019 517 secundae.

112 528 202 562 Fata
218 533 344 572 regunt
361 529 517 562 homines
531 541 538 562 ι
563 529 678 561 fatum
696 533 747 562 est
765 534 799 562 et
816 528 973 573 partibus
990 529 1069 572 illis,

113 574 206 614 Quas
224 575 318 607 sinus
336 574 525 608 abscondit.
566 574 657 607 Nam
675 574 703 607 si
721 574 785 607 tibi
803 575 916 608 sidera
933 580 1077 618 cessant,

112 618 173 652 Nil
190 620 295 653 faciet
311 620 407 663 longi
424 627 586 652 mensura
602 619 781 663 incognita
798 621 907 663 nervi,

113 664 279 705 Quamvis
296 669 331 698 te
347 665 482 698 nudum
500 665 678 709 spumanti
699 665 797 699 Virro
814 665 939 699 labello

112 710 259 753 Viderit,
277 715 312 744 et
329 711 464 744 blandae
482 711 619 743 assidue
637 711 820 754 densaeque
837 711 975 745 tabellae

111 755 307 789 Sollicitent
321 768 328 790 :
354 757 445 787 αὐτὸς
459 756 519 796 ’γὰρ
535 755 704 795 ἐφέλκεται
721 756 814 797 ἄνδρα
829 756 971 788 κίναιδος.

112 801 212 841 Quod
230 805 347 834 tamen
365 802 513 835 ulterius
529 806 732 844 monstrum,
751 814 855 846 quam
871 802 984 835 mollis
1002 802 1150 836 avarus?

111 846 197 880 Haec
215 847 332 889 tribui,
350 847 474 880 deinde
491 847 553 880 illa
570 847 659 889 dedi,
677 859 759 880 mox
775 848 877 890 plura
894 848 1009 881 tulisti
1024 847 1041 882 :'

115 891 302 935 Computat
319 903 359 926 ac
376 896 484 927 ccvet.
533 893 709 927 ‘Ponatur
725 893 890 935 calculus,
907 894 1024 926 adsint
1183 894 1230 926 40

111 937 197 970 Cum
215 938 337 971 tabula
355 939 475 981 pueri:
500 948 667 971 numera:
693 938 850 971 sestertia
868 940 1022 981 quinque

111 982 280 1016 Omnibus
296 983 333 1016 in
350 983 453 1016 rebus
468 995 475 1017 :
501 987 731 1016 numerentur
748 983 872 1017 deinde
890 983 1032 1017 labores.

110 1028 167 1061 An
183 1028 286 1061 facile
303 1032 338 1061 et
355 1040 503 1072 pronum
521 1032 572 1062 est
590 1040 691 1072 agere
708 1029 803 1062 intra
819 1029 951 1063 viscera
966 1041 1091 1073 penem

110 1073 332 1116 Legitimum,
351 1078 457 1117 atque
474 1074 547 1107 illic
564 1074 735 1108 hesternae
752 1086 928 1108 occurrere
946 1075 1075 1108 coenae?

109 1118 237 1152 Servus
255 1120 320 1152 erit
337 1120 453 1152 minus
470 1120 530 1152 ille
546 1120 659 1162 miser,
677 1121 738 1164 qui
754 1120 880 1154 foderit
897 1132 1028 1163 agrum,

110 1164 223 1205 Quam
241 1165 432 1198 dominum.
473 1165 539 1198 Sed
557 1169 596 1198 tu
615 1177 696 1198 sane
714 1169 873 1198 tenerum
890 1170 924 1198 et
941 1177 1090 1209 puerum
1101 1169 1146 1209 te,

108 1209 156 1242 Et
172 1210 343 1253 pulcrum,
362 1214 396 1242 et
414 1210 561 1253 dignum
578 1211 705 1253 cyatho
723 1211 875 1254 coeloque
892 1210 1050 1254 putabas.

109 1254 178 1288 Vos
196 1255 322 1288 humili
339 1255 484 1298 asseclae,
504 1267 562 1288 vos
580 1255 806 1298 indulgebitis
823 1267 981 1300 unquam

110 1300 252 1343 Oultori,
266 1302 341 1344 jam
358 1312 424 1333 nec
440 1301 559 1333 morbo
577 1301 704 1334 donare
722 1301 858 1344 parati?

107 1345 173 1389 En,
192 1346 249 1379 cui
266 1350 306 1379 tu
323 1346 471 1379 vii-idem
487 1346 686 1388 umbellam,
705 1347 762 1379 cui
780 1347 920 1380 succina
936 1347 1057 1380 mittas
1183 1348 1229 1380 50

109 1391 271 1434 Grandia,
288 1392 415 1425 natalis
433 1391 566 1435 quoties
583 1392 674 1425 redit
690 1396 752 1425 aut
768 1392 949 1425 madidum
968 1404 1027 1426 ver

109 1436 250 1480 Incipit,
269 1441 303 1470 et
321 1440 430 1470 strata
447 1437 580 1480 positus
597 1436 769 1480 longaque
787 1437 952 1471 cathedra

108 1481 257 1515 Munera
273 1483 433 1515 femineis
451 1486 580 1515 tractas
598 1487 728 1516 secreta
747 1482 907 1516 Calendis
924 1486 931 1517 1

108 1526 184 1569 Dic,
202 1539 326 1571 passe-r,
345 1528 402 1560 cui
419 1532 472 1560 tot
488 1532 633 1570 montes,
651 1532 704 1561 tot
721 1528 853 1571 praedia
870 1539 984 1562 servas

108 1571 259 1617 Appula,
272 1577 325 1606 tot
342 1573 465 1605 milvos
482 1573 576 1605 intra
594 1577 656 1606 tua
673 1584 802 1616 pascua
819 1573 924 1606 lassos
938 1574 950 1607 2

108 1617 155 1650 Te
173 1618 362 1650 Trifolinus
380 1630 462 1661 ager
478 1618 637 1651 fecundis
654 1618 783 1652 vitibus
800 1619 922 1662 implet

109 1662 383 1706 Suspectumque
396 1665 524 1706 jugum
542 1663 657 1696 Cumis
675 1667 710 1696 et
728 1664 862 1697 Gaurus
878 1664 1002 1698 inanis.

107 1708 199 1742 Nam
216 1708 293 1753 quis
310 1709 410 1752 phu—a
427 1709 507 1743 linit
524 1709 659 1743 victuro
676 1709 769 1743 dolia
784 1708 922 1743 musto?
