1284 1922
87 75 155 108 100
400 73 443 107 D.
468 72 602 107 JUNII
628 72 653 106 J
657 71 894 106 UVENALIS

86 142 221 177 Caerula
238 141 314 185 quis
331 140 467 185 stupuit
485 139 648 174 Germani
664 139 807 182 lumina,
824 138 952 172 flavam

87 188 269 222 Caesariem
286 190 321 220 et
337 186 478 220 madido
495 188 715 229 torquentem
732 196 861 218 cornua
879 185 990 218 011101

86 234 220 279 Nempe
238 233 329 276 quod
346 233 420 265 haec
437 231 507 265 illis
523 235 650 264 natura
666 234 718 264 est
735 229 894 264 omnibus
912 242 991 264 una.

86 280 142 313 Ad
160 279 291 313 subitas
308 278 482 312 Thracum
498 277 653 311 volueres
669 276 866 320 nubemque
885 287 1039 311 sonoram

87 325 163 369 Pyg
165 336 271 358 maeus
288 324 403 369 parvis
421 323 530 358 currit
546 322 717 356 bellator
708 334 746 355 111
763 322 885 356 armis:

87 371 199 404 Mox
189 382 303 415 impar
319 370 411 404 hosti
427 372 618 413 raptusque
634 380 696 412 per
712 379 792 402 aera
809 368 922 401 curvis

87 416 272 460 Unguibus
289 427 309 450 a
327 427 417 450 saeva
432 416 544 448 fertur
559 426 653 458 grue.
701 413 738 448 Si
755 414 871 448 videas
888 414 953 448 1100
1141 415 1206 450 170

88 462 283 497 Gentibus·
273 474 311 495 m
328 461 463 504 nostris,
480 461 552 494 risu
570 460 744 504 quatiare:
771 459 829 493 sed
846 459 931 503 11110,

88 509 295 552 Quanquam
312 507 432 541 eadem
448 506 585 540 assidue
603 509 803 549 spectentur
820 505 950 549 ploelia,
967 505 1058 540 ridet

86 554 207 594 Nemo
224 554 284 586 ubi
301 558 376 586 tota
393 553 513 586 0011015
530 551 617 603 pede
634 562 704 584 11011
722 554 773 584 est
790 551 893 584 altior
909 563 989 585 uno.

132 598 318 632 “Nullane
336 597 467 643 perjuri
484 597 608 641 capitis
625 596 827 640 fraudisque
844 597 1003 631 nefandae

86 645 194 679 Poena
212 644 302 678 erit.
293 643 326 670 ²⁷⁷
352 643 547 694 Abreptum
565 642 664 676 crede
680 641 774 675 hunc
791 642 948 685 graviore
965 655 993 677 0
985 646 1088 677 ttena

86 687 262 730 Protinus,
280 691 315 721 et
331 691 447 721 nostro
466 686 565 732 (quid
582 687 661 731 plus
677 687 789 721 velit
779 699 831 721 1ra
842 687 870 732 2)
888 689 1004 722 necari

86 734 258 768 Arbitrio:
283 737 401 766 manet
418 733 480 767 illa
497 737 615 766 tamen
627 734 778 777 jactura,
795 744 858 766 1100
875 745 1032 777 unquam

85 779 291 823 Depositum
308 779 373 812 tibi
391 790 503 823 sospes
520 779 603 812 erit:
629 779 687 812 sed
705 790 844 822 corpore
860 782 984 814 trunco

86 825 264 859 Invidiosa
280 824 378 858 dabit
394 825 558 858 minimus
576 824 699 858 solatia
716 825 874 868 sanguis:

85 871 135 904 At
151 871 308 904 vindicta
324 870 454 904 bonum
471 871 545 904 vita.
556 870 748 914 jucundius
765 870 849 914 ipsa.
1139 873 1205 906 180

84 916 218 961 Nempe
236 917 300 950 1100
317 916 459 959 indocti,
477 927 622 960 quorum
639 916 829 960 praeeordia
846 916 951 950 11111115

86 962 270 996 Interdum
287 966 348 996 aut
365 961 499 996 levibus
516 962 633 995 videas
649 962 836 1005 flagrantia
853 963 974 997 causis.

86 1008 402 1052 Quantulaeunque
419 1008 504 1041 adeo
521 1013 573 1041 est
590 1008 730 1050 occasio,
749 1008 905 1041 sufficit
895 1020 972 1043 irae:

85 1054 300 1098 Chrysippus
316 1058 386 1087 non
404 1054 496 1087 dicet
513 1054 605 1086 idem
621 1065 685 1086 nee
702 1053 787 1086 mite
805 1054 959 1087 Thaletis

85 1099 270 1143 Ingenium
288 1100 450 1143 dulcique
467 1111 572 1132 senex
589 1100 725 1133 vicinus
743 1099 922 1143 Hymetto,

85 1146 153 1186 Qui
171 1150 305 1190 partem
323 1149 473 1189 aeceptae
492 1156 581 1179 saeva
598 1145 690 1178 inter
707 1145 823 1179 vinela
841 1146 964 1179 cicutae

84 1191 289 1224 Accusatori
306 1191 414 1224 nollet
432 1191 523 1224 dare.
572 1191 730 1224 Plurima
746 1191 833 1224 felix

84 1236 196 1270 Paul]
191 1237 277 1270 ttim
294 1237 382 1271 vitia
399 1241 505 1280 atque
522 1248 650 1269 errores
667 1236 766 1269 exuit
783 1248 909 1280 01111105,

84 1282 203 1316 Prima
220 1283 318 1316 docet
335 1286 470 1315 rectum
488 1282 683 1334 Sapientia:
711 1282 839 1334 quippe
856 1283 985 1316 minuti

84 1329 226 1373 Semper
242 1333 277 1361 et
294 1328 423 1361 infirmi
440 1332 492 1361 est
509 1328 617 1361 animi
635 1328 821 1371 exiguique
838 1329 999 1373 voluptas
1136 1330 1204 1363 190

84 1374 190 1408 Ultio.
240 1374 410 1407 Continuo
429 1374 476 1407 510
493 1374 627 1417 collige,
645 1374 737 1417 quod
755 1374 911 1408 vindicta

83 1420 193 1453 Nemo
210 1420 321 1464 magis
338 1420 477 1463 gaudet,
496 1431 601 1463 quam
617 1420 756 1453 femina.
805 1420 872 1453 Cur
888 1423 1006 1454 tamen
1023 1420 1085 1454 hos
1102 1424 1142 1454 tu

83 1466 242 1499 Evasisse
259 1470 370 1510 putes,
388 1477 472 1510 quos
490 1465 557 1498 diri
573 1466 709 1498 conscia
725 1465 811 1498 faeti

83 1511 184 1544 Mens
202 1511 307 1545 habet
324 1512 491 1545 attonitos
509 1516 544 1544 et
562 1512 663 1544 surdo
681 1511 820 1545 verbere
837 1511 939 1545 caedit

85 1558 269 1591 Occultum
288 1558 464 1601 quatiente
482 1557 597 1590 animo
616 1562 742 1590 tortore
759 1557 959 1601 flagellum?

84 1602 192 1637 Poena
209 1608 325 1637 autem
343 1603 527 1636 vehemens
545 1615 584 1636 ae
601 1603 712 1636 multo
730 1604 848 1636 saevior
865 1603 943 1647 illis,

85 1649 178 1689 Quas
195 1653 229 1682 et
248 1649 415 1682 Caedicius
432 1649 548 1692 gravis
566 1649 700 1682 invenit
718 1653 779 1682 aut
798 1649 1096 1693 Rhadamanthus,

82 1694 194 1727 Nocte
211 1695 333 1738 dieque
351 1706 451 1728 suum
469 1699 603 1737 gestare
621 1695 657 1727 in
675 1699 810 1738 pectore
827 1699 961 1729 testem.

82 1739 253 1784 Sparte-tuo
271 1741 408 1774 cuidam
424 1741 602 1785 respondit
619 1740 748 1786 Pythia
765 1744 878 1775 vates:
