1284 1922
506 63 674 97 SATIRA
701 64 740 97 X.

68 126 186 161 Prima
202 127 273 161 fere
290 130 371 160 vota
387 129 423 160 et
439 127 575 160 cunctis
592 128 771 162 notissima
788 128 927 172 templis

64 172 217 215 Divitiae,
235 176 389 206 crescant
406 177 448 205 ut
465 183 554 216 opes,
571 177 612 206 ut
629 174 782 207 maxima
800 179 872 207 toto
936 207 945 212 ,

63 217 192 251 Nostra
209 218 254 251 sit
271 229 350 251 arca
366 218 448 251 foro.
497 217 564 251 Sed
581 218 680 252 nulla
696 219 834 252 aconita
851 219 1020 252 bibuntur

65 262 272 297 Fictilibus:
298 267 384 296 tunc
401 263 462 296 illa
480 263 573 306 time,
592 275 701 307 quum
717 265 842 308 pocula
859 275 973 298 sumes

63 308 244 342 Gemmata
260 312 295 343 ct
312 308 382 342 lato
399 307 558 342 Setinum
579 309 742 344 ardebit
733 321 769 342 111
786 321 879 345 auro.

61 353 87 387 J
89 365 189 387 amne
206 354 314 397 igitur
331 353 462 395 laudas,
481 354 572 397 quod
584 357 626 391 de
642 355 856 398 sapientibus
873 355 962 388 alter

62 382 240 442 Ridebat,D
239 399 374 443 quoties
392 399 434 432 de
452 380 572 432 limine
588 404 743 433 moverat
760 412 870 433 unum

62 443 332 488 Protuleratquc
349 444 472 488 pedem
488 457 496 484 ;
520 445 626 479 fiebat
643 446 834 479 contrarius
851 445 962 479 alter?

63 488 131 523 Sed
148 490 262 523 facilis
279 490 389 523 cuivis
405 490 510 533 rigidi
527 501 672 524 censura
689 491 867 524 cachinni:

63 534 268 569 Mirandum
285 539 346 578 est,
363 535 458 568 unde
474 535 534 568 ille
551 536 659 569 oculis
677 537 850 570 suffecerit
867 537 927 570 1111.
922 550 973 569 ιιι
956 549 1000 570 ar.

61 579 234 625 Perpetuo
251 581 322 614 risu
339 581 539 625 pulmonem
555 582 688 624 agitare
706 582 836 615 solebat

60 624 289 668 Democritus,
307 637 506 670 quanquam
522 638 592 660 11011
609 631 698 660 esset
714 627 856 660 urbibus
872 627 942 661 illis

60 670 238 705 Praetexta
254 676 290 704 et
306 671 444 714 trabcae,
460 672 578 714 fasces,
596 672 730 715 lectica,
747 672 910 706 tribunal.

62 716 163 759 Quid,
181 717 210 750 si
226 716 369 750 vidisset
386 720 569 760 praetorem
586 717 747 751 curribus
763 717 844 751 altis

61 761 270 796 Exstantem
286 766 322 796 et
338 762 451 795 medio
469 762 654 796 sublimem
670 763 708 796 in
724 763 867 807 pulvere
885 763 986 804 Circi,

61 807 104 841 In
122 808 242 841 tunica
259 808 284 842 J
286 808 367 850 ovis,
385 811 420 841 et
437 808 542 851 pictae
559 807 708 842 Sarrana.
724 810 894 842 ferentem

65 852 120 886 Ex
137 853 290 886 humeris
307 853 419 887 aulaea
436 858 526 897 togae
542 865 748 898 magnaeque
765 865 898 888 coronae

63 898 216 932 Tantum
233 898 359 940 orbem,
377 903 507 941 quanto
525 900 642 932 cervix
659 911 730 932 11011
747 900 875 933 sufficit
891 899 988 933 ulla?

67 943 203 988 Quippe
220 947 317 977 tenet-
335 944 462 977 sudans
479 944 570 978 hanc
587 944 757 988 publicus,
775 949 820 988 et,
837 944 904 978 sibi
920 944 1048 979 Consul

60 988 114 1022 Ne
132 989 277 1033 placeat,
295 1000 399 1023 curru
417 1000 534 1023 servus
552 994 712 1033 portatur
729 972 856 1024 eodein.

61 1033 116 1067 Da
133 1045 227 1067 nunc
244 1039 279 1068 et
296 1034 482 1078 volucrem,
501 1039 635 1079 sceptro
653 1046 730 1078 quae
748 1036 862 1079 surgit
879 1035 1019 1079 eburno,

62 1079 166 1113 Illinc
183 1080 382 1123 cornicines,
400 1080 482 1114 hinc
499 1081 733 1124 praecedentia
749 1081 845 1124 longi

62 1126 93 1158 A
99 1136 227 1169 gmims
244 1125 356 1159 officia
373 1130 408 1158 et
424 1126 542 1160 niveos
559 1126 605 1160 ad
621 1126 733 1160 fraena
751 1126 913 1170 Quirites,

64 1169 238 1205 Defossa'
228 1182 265 1204 m
281 1170 403 1204 loculis
421 1182 505 1214 quos
522 1171 679 1224 sportula
694 1171 778 1205 fecit
795 1172 932 1206 amicos.

60 1215 150 1249 Tum
167 1227 303 1260 quoque
319 1217 502 1250 materiam
518 1218 609 1250 risus
626 1217 762 1250 invenit
778 1217 823 1250 ad
840 1229 957 1251 omnes

62 1261 232 1295 Occursus
249 1262 441 1304 hominum,
458 1263 558 1306 cujus
575 1263 762 1306 prudentia
777 1267 948 1296 monstrat

61 1306 220 1340 Summos
237 1318 334 1351 posse
351 1307 441 1340 viros
458 1312 493 1341 et
509 1319 638 1351 magna
654 1308 814 1352 exem-pla
831 1308 971 1342 datan-os

61 1351 280 1385 Vervecum
270 1364 308 1385 111
325 1352 439 1396 patria
456 1364 635 1396 crassoque
653 1352 716 1386 sub
732 1365 809 1386 aere
822 1354 926 1387 nasci.

61 1396 210 1431 Ridebat
227 1409 337 1440 curas,
354 1408 417 1430 nec
435 1409 506 1430 non
522 1402 558 1431 et
574 1398 703 1441 gaudia
721 1398 827 1441 vulgi,

62 1442 247 1476 Interdum
264 1452 298 1476 et
314 1442 483 1480 lacrimas
502 1454 610 1486 quum
628 1443 818 1476 Fortunae'
809 1455 881 1487 ipse
898 1443 1028 1477 minaci

59 1487 245 1522 Mandaret
262 1488 436 1531 laqueum,
453 1488 677 1532 mediumque
693 1489 889 1522 ostenderet
905 1500 1068 1532 unguem.

105 1533 196 1577 Ergo
214 1544 427 1577 supervacua
444 1534 517 1566 11ωο
534 1539 596 1566 aut
613 1534 804 1577 perniciosa
820 1539 998 1578 petuntur,

59 1577 206 1622 Propter
222 1589 299 1622 quae
317 1578 369 1612 fas
386 1583 437 1611 est
454 1590 570 1622 genua
586 1579 738 1613 incerare
755 1579 907 1614 deorum.

60 1623 235 1664 Quosdam
250 1624 447 1676 praecipitat
465 1624 620 1667 subjecta
636 1625 793 1677 potentia
809 1636 948 1668 magnae

61 1668 230 1702 Invidiae·
222 1695 231 1710 ,
254 1670 381 1712 mergit
398 1669 502 1713 longa
519 1674 624 1713 atque
640 1670 787 1713 insignis
803 1670 974 1704 110110111111

61 1713 217 1758 Pagina;
241 1714 456 1749 descendunt
474 1719 599 1748 statuae
616 1719 808 1760 restemque
825 1720 1028 1760 sequuntur.

1136 65 1179 99 75

1135 448 1179 480 30

1134 902 1178 933 40

1133 1356 1178 1387 50
