1284 1922
92 69 138 101 32
409 64 451 99 D.
478 63 612 98 JUNII
638 61 905 97 JUVENALIS

83 131 152 165 Vos
170 131 328 174 anguilla
343 134 463 164 manet
480 131 592 174 longae
610 132 759 173 cognata
776 128 935 165 colubrae,

81 176 156 210 Aut
172 177 283 220 glacie
300 188 457 220 aspersus
474 176 620 209 maculis
638 175 819 208 Tiberinus
837 178 871 207 et
888 175 962 218 ipse

82 221 240 255 Vernula
255 223 420 266 riparum,
438 221 579 266 pinguis
596 224 749 254 torrente
766 220 892 262 cloaca,

82 267 129 301 Et
147 268 268 301 solitus
284 267 407 300 mediae
425 271 584 310 cryptam
600 270 781 310 penetrare
799 265 955 298 Suburae.

128 313 203 357 Ipsi
220 324 333 357 pauca
349 313 464 355 velim,
481 313 620 346 facilem
638 312 666 344 si
682 311 834 355 praebeat
851 321 981 343 aurem.

78 357 189 391 Nemo
206 359 306 402 petit,
323 358 466 391 modicis
484 369 560 401 quae
577 357 811 390 mittebantur
827 356 946 389 amieis

77 403 111 436 A
128 403 266 446 Seneca,
285 415 362 448 quae
380 403 458 436 Piso
475 403 594 445 bonus,
612 414 688 446 quae
708 403 809 435 Cotta
826 401 958 434 solebat

78 448 231 492 Largiri:
256 460 407 492 namque
424 452 459 482 et
476 449 590 481 titulis
608 453 643 481 et
660 447 811 481 fascibus
829 447 912 479 olim
1132 448 1198 478 110

77 493 192 538 Major
210 494 404 528 habebatur
421 494 575 527 donandi
591 494 701 536 gloria
715 505 721 526 :
748 493 859 525 solum

77 539 266 582 Poscimus,
284 543 326 572 ut
343 551 454 572 coenes
472 540 630 572 civiliter.
679 539 756 571 Hoc
773 538 848 570 face
866 540 901 570 et
917 540 999 580 esto,

77 584 171 628 Esto,
188 589 229 618 ut
246 596 340 618 nunc
357 585 472 627 multi,
490 585 585 617 dives
602 584 677 626 tibi,
694 595 827 627 pauper
843 583 972 616 amieis.

122 631 262 663 Anseris
279 634 361 664 ante
377 631 493 674 ipsum
509 630 628 672 magni
640 631 750 672 jecur,
767 628 945 662 anseribus
962 639 1026 671 par

75 676 194 709 Altilis
212 680 247 709 et
262 676 345 709 flavi
362 676 490 719 dignus
506 676 596 708 ferro
613 674 782 717 Meleagri

75 720 204 754 Fumat
221 733 303 765 aper
320 733 326 755 :
351 725 429 764 post
446 721 540 753 hunc
557 720 740 753 tradentur
757 719 888 761 tubera,
907 719 935 751 si
952 730 1012 752 ver

75 766 173 799 Tunc
190 767 256 800 erit
273 770 308 800 et
324 767 454 799 facient
472 769 592 809 optata
608 765 764 798 tonitrua
782 776 895 797 coenas

74 812 230 855 B‘IajoreS.
279 810 386 842 “Tibi
403 810 491 843 habe
508 809 754 849 frumentmn,'⁷
773 809 923 841 AJlidius
942 809 1066 852 inquit,

73 858 93 875 “
105 858 131 890 O
150 856 256 899 Libye
272 867 279 888 :
304 856 464 898 disjunge
480 855 593 896 boves,
610 855 694 887 dum
710 854 832 887 tubera
848 853 999 887 mittas.”

121 900 334 934 Structorem
351 902 493 943 interea,
511 912 555 933 ne
573 912 640 944 qua
657 900 852 943 indignatio
870 900 969 942 (lesit,
1126 902 1192 933 120

74 945 269 980 Saltantem
287 950 420 990 spectas
438 950 473 979 et
490 946 750 979 chironomonta
767 946 901 978 volanti

74 991 232 1035 Cultello,
251 992 359 1025 donec
376 995 521 1036 peragat
538 991 671 1024 dictata
687 991 847 1034 magistri

74 1036 209 1070 Omnia.
258 1037 292 1071 N
294 1048 331 1070 ec
347 1037 490 1070 minimo
509 1048 589 1070 sane
607 1037 805 1069 discrimine
821 1036 937 1079 refert,

74 1082 148 1122 Quo
165 1086 267 1125 gestu
283 1083 414 1126 lepores
432 1086 466 1115 et
484 1094 551 1126 quo
568 1082 700 1126 gallina
717 1086 860 1115 secetur.

72 1127 218 1160 Duceris
235 1128 366 1171 planta,
384 1128 482 1161 velut
499 1129 590 1160 ictus
608 1128 651 1160 ab
669 1128 820 1160 Hercule
839 1127 958 1170 Cacus,

71 1173 118 1206 Et
135 1184 261 1216 ponere
278 1174 369 1215 foris,
388 1174 416 1206 si
433 1173 517 1216 quid
534 1173 724 1206 tentaveris
740 1183 897 1216 unquam

71 1218 224 1260 Hiscere,
242 1223 412 1262 tanquam
428 1219 556 1251 habeas
573 1218 641 1251 tria
658 1218 807 1250 nomina.
857 1217 1003 1258 Quando
1025 1218 1189 1261 propinat

73 1263 172 1296 Virro
189 1263 255 1296 tibi
273 1265 447 1307 sumitque
464 1264 535 1296 tuis
553 1267 714 1296 contacta
731 1263 865 1295 labellis

70 1309 200 1342 Pocula
217 1309 229 1342 2
255 1310 332 1353 quis
350 1314 504 1342 vestrum
521 1309 723 1342 temerarius
740 1319 850 1351 usque
867 1308 962 1349 adeo,
980 1308 1057 1349 quis

69 1354 242 1397 Perditus,
260 1358 301 1388 ut
319 1355 413 1387 dicat
429 1355 513 1398 regi,
536 1355 684 1388 “bihel''
734 1355 888 1387 Plurima
905 1358 996 1396 sunt,
1014 1365 1089 1397 quae
1121 1356 1187 1388 130

69 1400 148 1433 Non
166 1401 298 1433 audent
315 1400 470 1433 homines
488 1403 630 1443 pertusa
646 1400 759 1431 dicere
775 1399 874 1431 leena.

117 1446 381 1488 Quadringenta
399 1445 463 1478 tibi
481 1446 508 1478 si
523 1445 600 1488 quis
617 1445 713 1477 Deus
731 1448 792 1477 aut
810 1443 931 1476 similis
948 1443 1010 1477 Dis

67 1490 113 1524 Et
130 1491 251 1523 melior
268 1491 350 1523 fatis
368 1491 511 1523 donaret
528 1498 540 1512 ὓ
558 1489 743 1523 homuncio
760 1501 767 1522 :
792 1492 945 1532 quantus

66 1535 122 1568 Ex
139 1536 248 1568 nihilo
265 1536 372 1578 fieres,
391 1539 543 1578 quantus
561 1535 716 1567 Virronis
729 1535 859 1567 amicus
877 1537 883 1569 ἔ

65 1581 85 1598 “
96 1581 150 1612 Da
167 1579 288 1612 Trebio
306 1582 312 1613 Β
340 1590 427 1622 pone
444 1580 488 1612 ad
506 1581 667 1613 Trebium
683 1582 688 1614 1
740 1581 810 1621 Vis,
828 1582 945 1620 frater,
963 1581 1006 1615 ab
1022 1582 1098 1615 istis

66 1626 179 1658 Ilibus
193 1624 227 1657 2⁷⁷
277 1624 304 1657 O
322 1625 463 1663 nummi,
481 1625 575 1659 vobis
593 1626 685 1658 hunc
702 1630 841 1668 praestat
859 1627 1030 1669 honorem,

66 1669 135 1703 Vos
153 1669 234 1703 estis
251 1670 382 1703 fratres.
431 1669 601 1702 Dominus
618 1674 736 1702 tamen
753 1674 787 1702 et
805 1670 935 1703 domini
951 1682 1014 1704 rex

414 1730 425 1742 ι·
444 1726 575 1756 donaret;
596 1726 753 1756 homuncio,
769 1734 814 1757 qu.
