1284 1922
482 53 651 89 SATIRA
678 53 725 87 ΙΙ.
1101 53 1164 85 127

89 122 179 156 Ecce
195 122 283 165 avia,
302 124 366 156 aut
382 125 540 156 metuens
557 122 687 156 Divum
703 122 901 163 matertera,
919 119 1018 153 cunis

43 167 185 202 Exemit
202 179 358 212 puerum,
375 168 594 212 frontemque
611 172 718 211 atque
735 166 805 200 uda
820 165 949 200 labella

44 214 174 247 Infami
192 214 302 258 digito
319 217 355 247 et
373 213 578 247 lustralibus
594 217 677 247 ante
695 212 814 246 salivis

43 259 184 303 Expiat‚
203 263 340 294 urentes
357 259 472 293 oculos
488 258 643 292 inhibere
660 259 779 303 perita.

43 305 142 338 Tunc
159 305 320 339 manibus
337 305 462 350 quatit,
480 309 516 339 et
532 316 628 349 spem
644 315 798 338 macram
815 302 971 348 supplice
987 305 1068 337 voto

42 350 76 384 N
79 362 145 384 unc
163 351 275 384 Licini
292 351 330 384 in
347 362 496 395 campos,
513 361 607 384 nunc
624 351 736 384 Crassi
753 350 866 383 mittit
883 350 921 382 in
938 349 1038 384 aedes.

42 396 148 430 Hunc
166 401 288 441 optent
305 408 472 441 generum
488 408 550 430 rex
567 400 602 430 et
618 396 759 440 regina3
784 395 911 440 puellae

43 442 149 476 Hunc
167 443 328 487 rapiant;
353 442 519 487 quicquid
537 442 723 479 calcaverit
739 441 806 484 hic,
822 452 900 475 rosa
916 441 997 477 fiat!

41 488 106 522 Ast
123 500 185 532 ego
203 489 333 522 nutrici
349 500 419 522 non
435 488 562 522 mando
580 491 661 522 vota
671 500 680 529 ;
704 491 841 531 negato,

42 534 194 578 Jupiter,
212 535 286 568 haec
303 535 366 578 illi,
383 534 543 578 quamvis
559 537 595 568 te
612 534 730 568 albata
746 532 887 577 rogarit.
1117 534 1164 565 40

89 580 205 614 Poscis
223 592 322 624 opem
339 581 453 613 nervis
471 591 663 624 corpusque
680 579 782 612 fidele
800 581 957 613 senectae.

42 624 126 659 Esto
143 637 225 669 age:
252 626 311 659 sed
328 626 476 670 grandes
493 626 623 670 patinae
642 629 826 668 tucetaque
843 635 957 658 crassa

42 671 207 705 Annuere
225 672 278 705 his
297 683 436 716 superos
453 676 594 705 vetuere
611 671 636 704 J
639 681 805 714 ovemque
821 673 1011 704 morantur.

89 717 175 750 Rem
193 722 324 751 struere
342 721 486 761 exoptas
503 728 588 750 eaeso
604 716 700 759 bove,
717 715 1001 760 Mercuriumque

43 763 196 796 Arcessis
213 762 315 796 fibra:
341 763 386 796 da
402 764 581 796 fortunare
598 762 757 805 Penates,

0 808 1 830 ἶ
43 808 98 842 Da
115 820 220 853 pecus
237 813 272 842 et
289 808 452 852 gregibus
468 809 599 843 fetum!
628 807 712 850 Quo,
730 807 886 852 pessime,
903 809 1017 851 pacto,

42 854 108 888 Tot
124 854 189 887 tibi
206 866 315 898 quum
331 855 368 887 in
385 854 561 887 flammast
574 854 737 897 junicum
754 857 893 887 omenta
909 851 1128 897 liquescant?

42 899 89 933 Et
106 904 223 933 tamen
240 900 297 933 bic
315 900 406 933 extis
423 903 458 933 et
475 900 589 944 opimo
606 899 744 932 vincere
760 899 849 932 ferto

43 945 219 979 Intendit:
246 946 264 962 “
277 946 301 979 J
304 957 361 979 am
377 946 500 979 crescit
517 957 608 988 ager,
621 946 696 988 jam
714 945 836 978 crescit
854 944 954 987 ovile,

43 991 69 1024 J
71 1003 127 1024 am
144 991 294 1033 dabitur,
307 992 392 1034 jam,
405 990 522 1035 jam!'’
547 991 655 1024 donec
672 990 837 1034 deeeptus
855 994 889 1024 et
907 1001 1028 1035 exspes
1121 991 1166 1023 50

43 1036 77 1070 N
79 1037 286 1080 equicquam
303 1037 412 1070 fundo
429 1037 578 1080 suspiret
595 1048 759 1069 nummus
776 1036 812 1069 in
831 1036 908 1070 imo.

91 1083 127 1116 Si
146 1083 210 1116 tibi
228 1087 376 1116 crateras
393 1083 530 1126 argenti
546 1083 736 1126 incusaque
753 1082 878 1126 pingui

42 1127 139 1161 Auro
156 1128 246 1162 dona
262 1128 382 1171 feram,
400 1128 500 1161 sudes
518 1132 552 1161 et
569 1132 706 1172 pectore
723 1128 810 1161 laevo

43 1173 236 1207 Excutiatu
253 1178 372 1217 guttas
388 1174 501 1207 laetari
518 1173 767 1218 praetrepidurn
784 1184 849 1207 cor.

44 1218 139 1252 Hinc
155 1219 245 1252 illud
263 1218 378 1262 subiit,
396 1230 480 1253 auro
497 1230 610 1253 sacras
627 1219 720 1263 quod
737 1222 838 1252 ovato

44 1263 210 1298 Perducis
226 1265 348 1298 facies:
374 1277 456 1298 nam
472 1265 596 1298 fratres
613 1264 705 1298 inter
721 1264 850 1298 ahenos

44 1310 186 1343 Somnia
203 1310 334 1354 pituita
350 1311 410 1354 qui
427 1310 674 1354 purgatissima
690 1311 841 1343 mittunt

45 1355 220 1399 Praecipui
237 1361 351 1398 sunto,
369 1357 484 1400 sitque
500 1356 570 1389 illis
587 1367 692 1389 aurea
708 1355 826 1389 barba.

90 1402 226 1434 Aurum
243 1413 326 1435 vasa
341 1401 374 1435 N
376 1413 465 1434 umae
483 1401 718 1442 Saturniaque
734 1400 877 1443 impulit
894 1411 973 1444 aera,

45 1446 270 1490 Vestalesque
286 1458 389 1479 urnas
405 1451 440 1480 et
458 1447 607 1481 Tuscum
623 1447 728 1481 fietile
744 1450 869 1481 mutat.
1122 1448 1166 1480 60

46 1492 74 1526 Ο
92 1503 205 1526 curvae
222 1493 260 1525 in
277 1496 386 1526 terras
403 1495 528 1526 animae
546 1495 581 1525 et
598 1493 791 1525 coelestium
807 1493 947 1526 inanes!

47 1538 137 1579 Quid
150 1539 254 1581 juvat
271 1538 345 1581 hoc,
363 1538 503 1582 templis
519 1541 652 1571 nostros
669 1538 859 1572 immittere
875 1548 996 1581 mores,

45 1583 92 1616 Et
108 1583 199 1616 bona
215 1583 278 1616 Dis
295 1595 339 1617 ex
356 1583 421 1617 hac
439 1583 606 1617 scelerata
622 1583 748 1617 dueera
764 1583 896 1628 pulpa?

47 1629 133 1662 Haec
151 1629 215 1661 sibi
232 1633 392 1673 corrupto
409 1629 537 1663 casiam
554 1629 710 1662 dissolvit
727 1629 827 1672 olivo,

47 1674 132 1708 Haec
150 1673 355 1708 Calabrumx
372 1675 467 1709 coxit
484 1675 608 1709 vitiato
624 1675 755 1709 murice
772 1675 897 1717 vellus,

160 1732 169 1748 ‘-
183 1731 303 1757 flammis
539 1735 550 1747 ¹
570 1732 691 1757 excutias
923 1732 936 1746 ¹
956 1734 983 1758 et
996 1731 1056 1757 Cal.
