1284 1922
109 84 151 117 68
417 82 459 116 D.
477 83 610 116 JUNH
636 81 900 116 JUVENALIS

106 150 286 184 Nocturna
303 151 338 182 et
354 149 510 183 flammas
528 149 685 183 domibus
702 149 910 193 templisque
927 148 1086 192 parastis,

107 195 157 229 Ut
174 196 420 228 Braccatorum
437 195 535 238 pueri
553 194 797 238 Senonumque
813 195 971 238 minores,

106 241 204 283 Ausi,
223 240 315 284 quod
331 240 435 273 liceat
448 241 569 273 tunica
585 241 710 284 punire
726 240 880 273 molesta.

108 285 176 320 Sed
192 286 317 329 vigilat
334 286 453 318 consul
470 286 666 328 vexillaque
683 290 797 319 vestra
814 288 955 318 coercet.

107 331 177 365 Hic
194 343 304 365 novus
322 331 483 375 Arpinas,
501 331 664 374 ignobilis
682 335 716 364 et
734 331 835 364 modo
854 331 973 363 Romae

107 377 333 421 Municipalis
351 388 463 420 eques,
481 377 657 420 galeatum
673 377 772 420 ponit
790 376 916 419 ubique

107 422 313 455 Praesidium
330 423 498 465 attonitis,
517 426 552 455 et
568 423 606 455 in
623 422 716 455 omni
730 425 833 465 gente
851 421 993 454 laborat.

106 468 260 501 Tantum
276 468 385 511 igitur
401 479 517 500 muros
534 468 627 500 intra
644 471 725 510 toga
743 467 890 499 contulit
907 466 960 499 illi
1157 468 1225 500 240

107 513 266 548 Nominis
284 517 318 546 et
335 513 443 556 tituli,
461 517 634 556 quantum
651 525 721 545 non
739 512 904 555 Leucade,
923 515 1095 555 quantum

108 559 293 593 Thessaliae
311 559 441 602 campis
460 559 623 592 Octavius
641 558 786 591 abstulit
803 558 871 590 udo

108 604 266 637 Oaedibus
283 604 430 637 assiduis
447 604 573 647 gladio.
615 603 681 637 Sed
700 604 808 636 Roma
824 606 1014 646 parentem,

108 649 219 683 Roma
236 649 376 683 Patrem
393 649 520 683 Patriae
539 650 735 682 Ciceronem
753 649 861 681 libera
878 649 979 682 dixit.

108 696 259 739 Arpinas
277 695 365 728 alius
383 695 586 728 Volscorum
602 695 639 727 in
655 699 773 728 monte
791 694 921 727 solebat

109 741 252 774 Poscere
268 741 450 781 mercedes,
468 741 582 773 alieno
598 740 707 773 lassus
724 744 858 780 aratro;

108 786 142 820 N
144 787 283 819 odosam
299 789 376 830 post
393 786 467 819 haee
483 786 667 829 frangebat
684 787 812 818 vertice
830 786 947 828 vitem,

109 831 145 865 Si
162 832 278 865 lentus
295 832 396 875 pigra
411 832 567 864 muniret
586 835 699 864 castra
717 831 858 864 dolabra
873 843 879 864 :

109 877 178 910 Hic
195 881 314 910 tamen
331 881 366 910 et
383 877 534 910 Cimbros
549 881 584 909 et
602 889 736 909 summa
753 877 908 920 pericula
925 887 1042 910 rerum

108 922 262 967 Excipit,
281 926 316 955 et
333 923 425 955 solus
442 923 677 966 trepidantem
694 923 845 965 protegit:
863 922 984 955 urbem
999 935 1008 963 3
1156 925 1225 956 250

108 968 226 1011 Atque
243 968 329 1011 ideo,
347 972 530 1012 postquam
546 968 591 1001 ad
609 968 761 1001 Cimbros
779 972 997 1011 stragemque
1013 968 1180 1003 volabant

110 1014 178 1054 Qui
195 1025 378 1057 nunquam
396 1014 588 1056 attigerant
604 1015 735 1057 majora
752 1014 920 1047 cadavera,
937 1013 1044 1058 corvi,

108 1059 244 1093 Nobilis
262 1063 404 1092 ornatur
421 1059 518 1092 lauro
535 1059 667 1102 collega
685 1059 843 1093 secunda.

110 1104 259 1138 Plebeiae
277 1105 461 1138 Deciorum
478 1105 613 1145 animae,
632 1105 766 1148 plebeia
782 1105 926 1138 fuerunt

108 1150 278 1184 Nomina:
304 1162 365 1194 pro
382 1150 464 1183 totis
481 1149 674 1192 legionibus
691 1150 729 1182 hi
746 1154 863 1182 tamen
881 1154 916 1183 et
932 1162 994 1194 pro

111 1196 279 1229 Omnibus
296 1196 436 1228 auxiliis
454 1198 559 1238 atque
577 1195 671 1228 omni
687 1195 778 1239 pube
796 1195 923 1229 Latina

109 1241 294 1275 Sufficiunt
310 1241 374 1274 Dis
392 1241 535 1273 infernis
552 1241 731 1284 Terraeque
748 1241 902 1284 parenti:

109 1286 225 1320 Pluris
243 1287 335 1320 enim
351 1286 459 1328 Decii,
478 1298 582 1330 quam
599 1298 676 1330 quae
695 1290 876 1319 servantur
893 1286 937 1319 ab
953 1287 1034 1324 illis.

110 1332 249 1365 Ancilla
266 1336 370 1365 natus
387 1331 543 1364 trabeam
561 1335 596 1364 et
613 1332 773 1364 diadema
791 1332 927 1372 Quirini

109 1378 156 1411 Et
173 1379 281 1411 fasces
298 1378 435 1419 meruit,
451 1388 574 1420 regum
590 1377 736 1409 ultimus
754 1377 812 1410 ille
829 1377 1006 1413 bonorum.
1157 1381 1225 1413 260

109 1423 253 1456 Prodita
270 1423 438 1456 laxabant
456 1427 635 1474 portarum
653 1423 804 1455 claustra
820 1424 979 1466 tyrannis

109 1469 326 1502 Exsulibus
312 1481 377 1512 mv
380 1480 458 1501 enes
476 1468 584 1511 ipsius
603 1468 699 1501 Cons
695 1468 758 1500 uis
776 1472 810 1501 et
827 1480 910 1511 quos

109 1514 281 1556 Magnum
298 1514 430 1557 aliquid
448 1514 553 1546 dubia
571 1525 631 1557 pro
648 1514 808 1546 libertate
826 1514 970 1557 deceret,

111 1550 208 1601 Quod
227 1560 411 1592 miiaretur
428 1571 508 1591 cum
527 1559 655 1592 Coclite
672 1559 810 1592 Mucius
828 1563 862 1592 et
880 1571 956 1604 quae

110 1605 255 1649 Imperii
272 1605 366 1644 fines,
385 1604 594 1647 Tibeiinum,
612 1605 709 1648 virgo
726 1605 871 1638 natavit.

111 1651 257 1684 Occulta
274 1651 317 1683 ad
336 1650 456 1683 Paties
473 1651 640 1694 pioduxit
658 1651 803 1684 crimina
820 1662 947 1694 servus,

109 1696 279 1729 Matronis
297 1696 489 1739 lugendus:
516 1700 552 1729 at
569 1696 646 1729 illos
663 1696 921 1739 verberajustis

110 1742 278 1776 Afficiunt
296 1742 405 1786 poenis
423 1745 457 1775 et
473 1742 590 1785 legum
606 1742 719 1786 prima
736 1741 874 1775 securis.
