1284 1922
137 71 203 104 130
619 67 776 102 PERSII

181 136 289 172 Haud
306 136 371 171 tibi
388 137 610 181 inexpertum
627 147 747 171 curvos
764 136 974 181 deprendere
990 146 1110 181 more-⁴3,

135 183 286 227 Quaeque
304 183 403 216 docet
421 183 557 227 sapiens
574 183 743 216 braccatis
759 183 851 216 illita
868 182 981 216 Medis

134 229 303 272 Porticus,
320 229 486 262 insomnis
505 228 628 272 quibus
646 232 680 261 et
697 228 840 262 detonsa
852 229 1020 271 juventus

135 275 314 318 Invigilat,
333 275 465 318 siliquis
483 278 518 307 et
534 274 659 317 grandi
676 277 776 318 pasta
793 274 953 318 polenta3

133 319 180 354 Et
198 321 272 363 tibi,
291 331 366 364 quae
385 320 516 354 Samios
533 320 692 353 diduxit¹<
710 320 812 353 litera
828 331 950 363 ramos,
1282 362 1284 367 Ι

133 366 341 409 Surgentem
357 366 480 399 dextlo
497 365 704 399 monstravit
720 365 832 399 limite
850 347 991 399 callein:
1282 375 1284 408 3

133 411 257 446 Stertis
274 412 398 455 adhuc,
416 412 606 454 laxumque
623 414 738 455 caput,
757 422 922 456 compage
940 411 1061 454 soluta,

134 458 267 491 Oscitat
284 457 494 499 hesternum,
512 457 655 490 dissutis
673 457 828 500 undique
844 457 954 490 malis.
1282 476 1284 501 1

134 502 198 537 Est
215 503 348 547 aliquid
365 515 432 547 quo
449 485 572 545 tendis,
591 505 625 535 et
643 502 679 534 in
697 502 789 546 quod
807 503 927 545 dirigis
944 501 1086 536 areum?
1209 503 1253 536 60
1280 504 1282 518 ¹

131 549 189 582 An
206 549 334 593 passim
352 549 502 592 sequeris
520 559 636 582 corvos
653 551 812 591 testaque
829 548 972 592 lutoque

132 593 279 628 Securus
297 606 363 638 quo
380 606 439 638 pes
456 595 555 637 ferat,
574 597 686 647 atque·
696 605 740 627 ex
757 598 910 646 tempore
927 593 1038 628 vivis?

179 639 405 674 Helleborum
422 621 561 682 frustra,
579 651 660 673 cum
672 640 747 683 jam
765 640 855 673 cutis
874 651 965 683 aegra
981 639 1141 683 tumebit,

132 684 316 719 Poscentes
334 686 470 719 videas:
495 685 650 719 venienti
668 686 836 718 occurrite
852 685 991 720 morbo!

131 731 177 764 Et
194 731 277 775 quid
295 743 380 775 opus
399 732 537 765 Cratero
554 742 697 774 magnos
715 731 916 775 promittere
933 734 1032 765 mont

130 776 271 819 Discite,
291 779 319 812 Ο
339 777 455 810 miseri
463 776 480 819 ¹,
498 780 532 810 et
550 788 670 810 causas
688 777 882 820 cognoscite
899 788 1024 820 rerum⁷

131 822 223 863 Quid
241 834 368 865 sumus,
386 825 449 856 aut
466 821 663 866 quidnamm
680 822 807 856 victuri
824 823 1021 866 gignimur3
1045 822 1128 856 ordo

131 867 215 908 Quis
234 868 346 911 datus,
366 871 400 901 et
416 872 542 901 metae¹¹
560 879 628 911 qua
644 868 758 900 mollis
775 868 884 901 flexus
902 872 937 901 et
954 868 1066 910 unde3

130 914 216 954 Quis
233 913 355 946 modus
372 917 525 957 argento,
543 913 627 957 quid
644 914 696 946 fas
714 917 841 957 optare,
860 914 945 958 quid
962 925 1062 958 asper

130 959 225 992 Utile
243 971 406 992 nummus
424 959 548 1000 habet3
574 959 696 1003 patriae
714 960 869 1003 cwrisque
886 960 1090 1004 propinquis
1208 959 1252 995 70

130 1004 309 1045 Quantum
326 1005 466 1048 elargiii
484 1004 624 1045 deceat;
650 1016 753 1048 quem
771 1009 806 1038 te
823 1005 917 1038 Deus
934 1017 1006 1039 esse

128 1050 153 1083 J
155 1051 252 1093 115511,
270 1054 305 1084 et
322 1050 477 1083 humana
495 1062 563 1094 qua
579 1054 678 1094 parte
695 1050 829 1084 locatus
846 1062 880 1084 es
898 1051 935 1083 in
951 1063 996 1084 re.

128 1095 240 1139 Disce,
257 1107 370 1140 neque
387 1096 575 1138 invideas0‚
594 1096 685 1140 quod
702 1097 815 1130 multa
832 1096 948 1130 fidelia
964 1099 1066 1141 putet

127 1140 170 1174 In
188 1142 361 1185 locuplete
378 1153 481 1185 penu,
499 1141 648 1175 defensis
666 1142 854 1185 pinguibus
872 1142 1020 1186 Umbris,

127 1186 174 1220 Et
191 1187 290 1231 piper
307 1191 341 1221 et
358 1197 483 1231 pernae,
502 1187 610 1220 Marsi
627 1191 854 1222 monumenta
871 1188 1008 1221 clientis
1021 1201 1029 1229 ;

125 1231 310 1276 Maenaque
327 1233 419 1276 quod
436 1233 549 1276 prima
566 1233 721 1265 nondum
739 1233 902 1266 defecerit
920 1245 1006 1267 orca.

173 1279 242 1311 Hic
259 1278 386 1322 aliquis
404 1278 445 1311 de
462 1282 566 1321 gente
584 1278 718 1311 hircosa
736 1279 986 1312 Centurionum

125 1322 247 1358 Dicat:
273 1324 403 1365 “Quod
422 1324 526 1367 sapio,
546 1324 628 1357 satis
646 1327 696 1357 est
713 1324 819 1356 mihiv
830 1336 839 1365 ;
864 1336 934 1358 non
951 1336 1013 1368 ego
1031 1336 1111 1359 curo

125 1368 209 1402 Esse
227 1369 318 1413 quod
336 1368 506 1403 Arcesilas
524 1370 776 1413 aerumnosique
794 1369 942 1413 Solones,

126 1415 271 1459 Obstipo
289 1415 403 1459 capite
421 1418 455 1448 et
472 1415 618 1458 figentes
636 1415 767 1449 lumine
785 1419 922 1459 terram,
1203 1419 1249 1451 80

124 1459 306 1495 Murmura
324 1473 432 1505 quum
450 1472 567 1494 secum
584 1464 619 1494 et
635 1461 770 1494 rabiosa
787 1462 926 1495 silentia
942 1461 1081 1505 rodunt,

123 1505 240 1550 Atque
258 1510 459 1550 exporrecto
476 1507 698 1540 trutinantur
715 1507 819 1540 verba
835 1507 970 1551 labello,

124 1551 165 1584 AE
169 1552 261 1595 groti
278 1553 403 1586 veteris
420 1552 629 1586 meditantes
647 1553 788 1595 somnia,
806 1553 905 1596 gigni

123 1564 192 1630 Deg
194 1598 304 1631 nihilo
322 1598 420 1640 nihil,
438 1598 476 1630 in
492 1598 666 1631 nihilumq
683 1598 734 1631 nil
751 1610 848 1642 posse
865 1599 1002 1633 reverti.

123 1641 200 1676 Hoc
217 1646 278 1686 est,
296 1644 389 1688 quod
406 1643 515 1688 palles
530 1643 542 1677 2
568 1655 628 1677 cur
645 1644 721 1688 quis
738 1655 807 1677 non
824 1644 1004 1688 prandeat,
1022 1645 1087 1679 hoc
1103 1647 1175 1679 est.
1166 1644 1201 1671 '2³’

163 1707 174 1725 k
194 1706 306 1731 deduxit
379 1704 387 1722 ¹
407 1707 503 1731 discite
517 1709 543 1731 et
557 1714 572 1731 o
586 1707 647 1731 mis.
722 1710 741 1723 ¹¹¹
761 1710 788 1731 et
802 1707 897 1738 quida.
974 1712 985 1724 Ι·
1006 1710 1032 1732 et
1045 1711 1109 1732 met.
1125 1716 1208 1739 quam

159 1748 171 1760 ·
190 1751 239 1767 nec
253 1743 308 1768 inv.
421 1747 434 1763 Ρ
455 1743 526 1773 quod
538 1744 604 1768 satis
618 1746 668 1775 est,
682 1743 759 1775 sapio
772 1743 840 1767 mihi
958 1750 969 1766 ⁴³
989 1744 1075 1769 nihilo
1089 1745 1206 1770 nihilum
