1284 1922
100 61 146 93 90
435 58 478 92 D.
503 57 637 91 JUNII
662 56 927 91 JUVENALIS

37 147 41 149 Δ
102 124 264 158 Humida
282 123 450 168 suspectis
466 124 616 156 referens
632 124 793 157 multicia
809 124 916 167 rugis,

104 170 330 214 Vexatasque
347 180 471 207 comas,
490 172 525 202 et
542 168 680 202 vultum
697 179 885 212 auremque
903 168 1084 202 calentem.

108 216 272 249 Protinus
290 220 372 249 ante
388 226 515 255 meum,
533 215 705 259 quidquid
723 215 825 257 dolet,
843 227 933 248 exue
949 215 1075 249 limen:
1154 215 1221 248 190

104 262 199 295 Pone
217 262 358 295 domum
376 265 411 294 et
429 272 541 294 servos
559 265 593 294 et
611 261 780 305 quidquid
797 261 974 303 frangitur
990 261 1061 294 illis

104 308 179 341 Aut
196 308 304 352 perit:
330 308 484 350 ingratos
502 311 583 340 ante
601 307 717 340 omnia
734 318 822 350 pone
840 307 981 341 sodales.

152 354 291 387 Interea
309 353 546 396 Megalesiacae
565 353 763 396 spectacula
779 364 926 396 mappae,

106 399 241 433 Idaeum
259 399 432 441 sollemne,
450 399 580 441 colunt,
599 399 789 442 similisque
807 398 985 442 triumpho

106 445 231 489 Praeda
248 445 461 479 caballorum
478 448 605 488 praetor
622 444 717 477 sedet
734 455 783 487 ac,
801 444 890 476 mihi
907 456 992 488 pace

106 491 290 525 Immensae
307 491 492 534 nimiaeque
510 491 591 523 licet
610 490 638 522 si
655 490 767 523 dicere
784 490 904 534 plebis,

107 538 230 571 Totam
246 537 349 570 hodie
368 537 514 569 Romam
532 536 649 569 Circus
668 536 762 579 capit
780 540 815 569 et
831 536 949 579 fragor
965 547 1087 570 aurem

108 583 276 623 Percutit‚
295 586 461 615 eventum
478 582 598 615 viridis
616 593 683 625 quo
701 581 824 625 colligo
842 581 959 625 panni.

107 629 199 663 Nam
217 629 245 662 si
263 628 432 669 deficeret,
450 632 609 660 moestam
627 628 884 671 attonitamque
901 628 1036 661 videres

109 675 212 708 Hanc
230 674 361 717 urbem,
379 674 490 707 veluti
507 674 705 707 Cannarum
722 674 760 706 in
777 674 920 718 pulvere
937 674 1039 707 victis
1157 673 1226 706 200

110 720 326 754 Consulibus.
375 719 539 763 Spectent
551 721 708 763 juvenes,
726 731 810 763 quos
827 720 957 753 clamor
973 725 1008 753 et
1025 719 1143 753 audax

109 766 263 810 Sponsio,
281 777 365 809 quos
383 766 486 798 cultae
505 766 604 798 decet
621 765 786 798 assedisse
803 765 948 809 puellae:

110 813 238 846 Nostra
253 811 351 845 bibat
368 823 515 844 vernum
532 815 709 844 contracta
727 811 882 844 cuticula
899 811 1004 844 solem

111 858 336 901 Effugiatque
353 861 481 900 togam.
529 857 554 890 J
557 869 613 890 am
629 868 723 890 nunc
740 857 778 889 in
794 857 929 899 balnea,
948 857 1045 890 salva

112 904 250 945 Fronte,
267 904 350 937 licet
367 903 482 945 vadas,
501 914 702 946 quanquam
720 903 829 935 solida
846 903 931 935 hora
949 902 1098 946 supersit

113 950 168 983 Ad
186 953 330 983 sextam.
379 949 506 982 Facere
524 949 587 981 hoc
605 960 673 981 non
691 949 798 992 possis
812 949 967 992 quinque
984 948 1106 982 diebus

113 995 305 1037 Continuis,
323 995 406 1039 quia
423 999 503 1028 suut
520 994 600 1028 talis
618 1005 755 1038 quoque
772 995 878 1027 taedia
895 994 977 1027 vitae

114 1042 255 1086 Magna.
305 1041 512 1085 Voluptates
530 1041 750 1074 commendat
766 1041 874 1074 rarior
892 1051 984 1074 usus.

562 1187 775 1197 ..w-«mmmm

497 1306 727 1342 SATIRA
756 1306 849 1342 XII.

118 1404 277 1447 NATALI,
296 1403 450 1446 Corvine,
467 1403 523 1436 die
539 1403 627 1436 mihi
645 1403 778 1436 dulcior
794 1403 868 1437 haec
885 1403 958 1447 lux,

120 1450 196 1491 Qua
213 1450 323 1483 festus
340 1450 507 1494 promissa
523 1450 606 1483 Deis
623 1450 790 1483 animalia
807 1461 923 1493 cespes

118 1496 320 1540 Exspectat,
338 1496 477 1528 niveam
495 1496 638 1539 Reginae
657 1496 816 1529 ducimus
834 1507 970 1538 agnam,

119 1541 189 1575 Par
205 1542 317 1575 vellus
334 1541 475 1574 dabitur
492 1542 666 1586 pugnanti
685 1542 842 1585 Gorgone
859 1542 993 1575 Maura.

120 1587 188 1621 Sed
205 1587 326 1631 procul
343 1592 525 1620 extensum
543 1588 705 1631 petulans
723 1588 838 1631 quatit
855 1588 969 1621 hostia
985 1588 1116 1631 funem,

120 1633 266 1677 Tarpeio
284 1637 420 1666 servata
437 1634 462 1667 J
465 1634 530 1676 ovi,
547 1634 766 1677 frontemque
784 1638 958 1667 coruscat:

122 1679 259 1723 Quippe
276 1679 373 1711 ferox
391 1679 534 1721 vitulus,
553 1679 692 1730 templis
709 1684 868 1712 maturus
887 1684 921 1712 et
938 1691 1005 1713 arae

121 1724 412 1769 Spargendusque
429 1736 532 1769 mero,
551 1737 653 1769 quem
665 1726 739 1769 jam
757 1726 866 1770 pudet
884 1725 990 1759 ubera
1006 1725 1128 1759 matris
