1284 1922
488 290 719 328 SATIRA
746 289 818 326 III.

99 403 275 446 QUAMVIS
293 403 450 447 digressu
466 403 594 437 veteris
611 402 776 436 confusus
793 401 907 444 amici,

97 449 219 484 Laudo
235 453 364 493 tamen,
382 449 502 483 vacuis
520 449 613 493 quod
630 449 745 482 sedem
761 448 867 491 figere
885 428 1002 480 Cumis

97 495 261 530 Destinet
278 499 384 540 atque
400 507 513 528 unum
529 495 642 528 civem
659 495 749 527 dona
750 505 787 527 re
804 493 960 537 Sibyllae

98 541 125 575 J
127 553 220 576 anua
236 542 404 575 Baiarum
421 545 473 574 est
490 544 525 574 et
542 544 684 584 gratum
700 540 785 573 litus
803 539 930 573 amoeni

99 587 268 621 Secessus.
316 587 391 631 Ego
408 587 465 621 vel
481 586 693 630 Prochytam
709 597 872 630 praepono
890 584 985 618 Subu
977 596 1044 618 rae.

98 633 192 667 Nam
209 633 293 677 quid
310 636 385 666 tam
400 633 576 674 miserum,
593 636 668 665 tam
686 632 796 665 solum
812 631 975 674 vidimus,
992 634 1032 664 ut
1049 641 1119 663 non

98 679 261 713 Deterius
279 679 398 712 credas
414 679 552 716 horrere
569 660 741 720 incendia,
758 677 877 722 lapsus

100 725 284 759 'sectorum
300 725 455 759 assiduos
472 736 512 758 ac
529 724 625 757 mille
642 723 798 768 pericula
816 734 914 756 saevae

100 771 215 814 Urbis,
229 774 264 804 et
281 770 442 814 Augusto
458 770 645 804 recitantes
662 780 780 802 mense
796 773 916 813 poetas
932 767 946 802 Ζ

101 817 168 850 Sed
182 798 267 850 dilm
283 820 357 850 tota
374 817 497 849 domus
514 816 597 849 reda
614 815 834 858 componitur
850 826 931 857 una,
1180 814 1224 847 10

101 862 267 897 Substitit
283 863 328 896 ad
345 866 478 896 veteres
495 873 595 895 arcus
611 861 858 904 madidamque
876 861 1060 904 Capenam.

101 909 181 951 Hic,
198 908 261 941 ubi
276 912 458 942 noct-urnae
477 908 594 941 Numa
611 907 846 940 constituebat
863 907 993 949 amicae,

100 954 205 988 Nunc
223 954 311 987 sacri
327 954 434 986 fontis
451 965 573 987 nemus
591 958 626 986 et
643 953 788 986 delubia
805 952 967 985 locantur

102 1000 127 1033 J
132 1000 259 1033 ud‘ms
286 1011 433 1043 quorum
451 999 620 1044 cophinus
637 999 839 1042 foenumque
857 998 1040 1051 supellex·
1031 1024 1040 1038 ‚

103 1046 223 1079 Omnis
241 1046 334 1078 enim
351 1057 419 1097 pop
421 1046 480 1078 ulo
496 1045 689 1078 mercedem
706 1045 883 1088 pendere
868 1055 967 1087 Jussa
984 1048 1036 1077 est

101 1091 222 1128 Arbor
240 1095 273 1124 et
291 1091 409 1135 ejectis
427 1091 602 1123 mendicat
620 1090 707 1123 silva
725 1090 892 1123 Camenis.

103 1137 146 1170 In
162 1137 290 1170 vallem
307 1137 442 1180 Egeriae
460 1136 699 1169 descendimus
717 1139 752 1168 et
770 1135 951 1179 speluncas

101 1183 295 1217 Dissimiles
312 1183 410 1215 veris.
461 1182 601 1223 Quanto
618 1182 824 1225 praesentius
842 1185 930 1214 esset

102 1229 243 1262 Numen
259 1239 370 1272 aquae,
388 1228 492 1262 viridi
509 1228 537 1260 si
553 1228 710 1270 margine
728 1227 905 1260 clauderet
921 1227 1034 1260 undas

103 1274 232 1316 Herba,
248 1285 312 1307 nec
329 1274 523 1317 ingenuum
540 1273 711 1306 violarent
727 1284 899 1306 marmora
916 1273 1082 1316 tophum!
1178 1274 1223 1305 20

103 1321 173 1353 Hie
190 1324 276 1353 tunc
294 1320 499 1362 Umbricius,
519 1318 693 1355 “Quando
706 1317 871 1360 artibus‚''
884 1318 1010 1362 inquit,
1025 1319 1208 1353 “honestis

102 1366 231 1400 Nullus
248 1366 286 1398 in
305 1365 386 1399 urbe
403 1366 508 1409 locus,
525 1365 625 1398 nulla
642 1365 877 1398 emolumenta
892 1364 1061 1407 laborum,

105 1411 172 1445 Res
188 1411 291 1445 hodie
307 1412 420 1444 minor
437 1416 498 1454 est,
515 1411 597 1444 here
614 1421 720 1454 quam
736 1411 816 1453 fuit,
834 1414 939 1453 atque
957 1410 1077 1443 eadem
1093 1420 1168 1444 cras

103 1457 247 1491 Deteret
265 1458 401 1500 exiguis
419 1457 552 1501 aliquid
567 1469 573 1490 :
599 1457 821 1501 proponimus
837 1456 923 1489 illuc

104 1503 172 1546 Ire,
189 1503 356 1546 fatigatas
373 1503 434 1536 ubi
451 1503 615 1536 Daedalus
633 1503 731 1536 exuit
748 1503 831 1545 alas,

104 1548 198 1582 Dum
215 1560 306 1582 nova
323 1549 477 1590 canities,
496 1549 581 1581 dum
597 1549 710 1592 prima
727 1552 762 1581 et
777 1552 873 1581 recta
890 1550 1059 1591 senectus,

103 1595 199 1628 Dum
217 1598 371 1638 superest
389 1595 533 1628 Lachesi
550 1595 641 1638 quod
659 1598 828 1638 torqueat,
847 1597 881 1626 et
897 1593 1044 1637 pedibus
1060 1604 1116 1627 me

104 1639 208 1673 Porto
225 1640 319 1683 meis,
336 1640 434 1673 nullo
452 1640 613 1673 dextram
630 1640 801 1673 subeunte
817 1639 952 1673 bacillo.

104 1686 275 1719 Cedamus
291 1686 406 1730 patria
422 1698 428 1719 :
455 1687 576 1719 vivant
594 1686 752 1719 Artorius
765 1686 844 1718 istic

105 1731 151 1765 Et
169 1732 313 1766 Catulus
327 1745 336 1774 3
360 1737 525 1766 maneant
545 1733 604 1776 qui
621 1732 761 1776 nigrum
778 1731 815 1765 111
833 1731 984 1765 candida
998 1733 1152 1775 vertunt,
1177 1732 1223 1764 30
