1284 1922
522 52 694 87 SATIRA
712 53 740 88 1.

67 122 185 167 Atque
201 119 443 165 triumphales,
461 121 554 155 inter
570 133 658 165 quas
675 133 781 156 ausus
797 121 924 155 habere

66 168 190 202 Nescio
207 168 284 210 quis
302 167 424 201 titulos
440 167 631 211 AEgyptius
649 172 755 212 atque
772 167 998 212 Arabarches,

69 213 175 258 Cujus
192 214 237 247 ad
254 213 403 257 effigiem
419 224 490 246 non
507 218 648 247 tantum
664 214 791 248 meiere
807 214 860 247 fas
877 216 939 248 est.

69 259 263 293 Vcstibulis
280 258 411 292 abeunt
428 263 560 292 veteres
577 259 728 304 lassique
746 260 900 303 clientes,

68 305 228 349 Votaque
245 305 426 349 deponunt
440 317 447 338 :
473 316 674 349 quanquam
687 306 890 349 longissima
907 316 1012 339 coenae

47 354 55 365 '
67 351 152 396 Spes
169 351 303 384 homini
319 363 326 385 ε
353 351 463 384 caulis
479 351 613 384 miseris
629 356 736 396 atque
752 352 844 395 ignis
861 352 1038 386 emendus.

69 397 211 441 Optima
228 396 395 431 silvarum
412 397 546 431 interea
563 397 746 441 pelagique
763 397 900 431 vorabit

68 443 145 476 Rex
162 443 296 486 horum,
313 443 502 486 vacuisque
519 443 603 476 toris
620 447 762 477 tantum
778 444 852 488 ipse
863 443 1007 487 jacebit.

67 488 160 522 Nam
176 489 219 522 de
236 492 289 522 tot
306 488 462 533 pulchris
480 493 515 522 ct
531 489 613 522 latis
630 488 769 522 orbibus
786 494 821 523 et
839 494 914 523 tam

68 535 234 578 Antiquis
251 546 322 568 una
340 534 526 568 comedunt
543 535 754 579 patrimonia
769 547 899 569 mensa.

65 580 195 614 Nullus
207 581 283 624 jam
299 580 474 624 parasitus
491 581 573 614 erit:
599 581 659 614 sed
676 581 753 625 quis
770 581 859 614 feret
875 581 960 614 istas

67 626 233 660 Luxuriae
251 625 391 659 sordes?
441 626 581 667 Quanta
598 631 650 660 est
667 627 760 670 gula,
779 638 854 671 quae
872 626 937 660 sibi
954 629 1044 661 totos

67 671 173 706 Ponit
189 683 299 716 apros,
317 671 448 705 animal
464 676 607 716 propter
623 672 783 706 convivia.
800 676 925 706 natum
942 674 949 706 !

67 717 177 752 Poena
192 722 312 751 tamen
328 729 487 761 praesens,
506 729 615 762 quum
631 721 672 751 tu
689 718 832 762 deponis
849 718 998 752 amictus

67 763 243 808 Turgidus
261 767 296 797 et
313 763 462 797 crudum
477 775 650 808 pavonem
665 764 704 797 in
720 763 845 798 balnea
861 767 988 808 portas.

67 809 163 843 Hinc
180 809 304 843 subitae
320 814 448 843 mortes
466 813 572 854 atque
588 809 758 843 intestata
775 813 944 844 senectus.

67 855 104 889 It
119 867 219 898 nova,
236 866 300 889 nec
316 855 436 898 tristis,
453 867 515 899 per
532 859 675 889 cunctas
691 855 812 889 fabula
829 867 953 900 coenas,

66 901 219 935 Ducitur
235 901 334 935 iratis
350 901 591 945 plaudendum
607 901 714 935 funus
731 902 861 935 amicis.

113 947 176 980 Nil
192 947 258 980 erit
270 947 429 990 ulterius,
447 947 538 990 quod
554 947 681 980 nostris
698 946 850 980 moribus
867 946 975 981 addat

67 991 257 1027 Posteritas
272 1005 281 1034 ;
306 992 427 1026 eadem
443 992 587 1036 cupient
603 992 803 1036 facientque
819 992 968 1026 minores
985 1005 994 1035 3

69 1038 180 1072 Omne
196 1039 235 1072 in
251 1038 426 1090 praecipiti
442 1038 569 1072 vitium
586 1038 694 1072 stetit.
743 1038 849 1072 Utere
865 1039 962 1081 velis,

68 1084 172 1118 Totos
188 1084 304 1129 pande
320 1084 426 1118 sinus.
473 1084 578 1117 Dicas
594 1084 653 1117 hic
669 1083 854 1125 forsitanff
858 1085 977 1118 ‘Unde

68 1129 257 1174 Ingenium
273 1141 338 1175 par
352 1129 509 1163 materiae
523 1129 535 1163 2
559 1130 654 1163 unde
672 1130 735 1164 illa
750 1130 907 1174 priorum

69 1176 260 1219 Scribendi,
277 1175 520 1229 quodcumque
536 1176 652 1210 animo
669 1175 840 1220 flagrante
857 1175 991 1220 liberet,

69 1221 293 1266 Simplicitas,
311 1223 411 1266 cujus
426 1233 497 1254 non
515 1222 625 1255 audeo
643 1221 757 1255 dicere
773 1233 901 1255 nomen
916 1222 929 1255 ’ἒ

71 1267 164 1309 Quid
180 1267 286 1301 refert
303 1267 406 1301 dictis
422 1267 581 1311 ignoscat
597 1267 747 1311 Mucius,
765 1278 811 1300 an
827 1267 924 1302 non?

69 1313 164 1348 Pone
181 1313 394 1357 Tigellium
411 1325 418 1347 :
443 1313 537 1346 taeda
553 1313 684 1347 lucebis
700 1313 738 1346 111
754 1313 826 1356 illa,

69 1359 148 1400 Qua.
164 1363 297 1393 stantes
313 1359 447 1401 ardent,
465 1359 526 1403 qui
542 1359 612 1393 fixo
629 1363 773 1403 gutture
789 1359 938 1402 fumant,

68 1404 116 1438 Et
133 1405 247 1444 latum
262 1404 378 1439 media
395 1405 530 1438 sulcum
547 1404 710 1438 deducis»
727 1403 863 1438 arena.”

70 1451 139 1492 Qui
155 1451 253 1485 dedit
270 1462 351 1494 ergo
368 1449 480 1484 tribus
496 1451 632 1494 patruis
649 1450 796 1493 aconita,
813 1450 964 1484 vehatur

69 1495 266 1530 Pensilibus
282 1496 422 1540 plumis,
439 1500 547 1540 atque
563 1496 662 1529 illinc
679 1495 849 1540 despiciat
865 1496 950 1530 nos?

74 1543 94 1560 “
107 1542 224 1583 Quum
240 1542 355 1576 veniet
373 1545 501 1582 contra,
521 1542 632 1586 digito
649 1553 824 1585 compesce
841 1542 1006 1576 labellum
1021 1554 1029 1577 :

69 1590 261 1622 Accusator
277 1589 352 1629 erit,
371 1589 433 1631 qui
450 1589 594 1621 verbum
611 1587 750 1630 dixerit,
769 1587 838 1620 Hic
855 1591 916 1621 est.

70 1633 218 1667 Securus
234 1634 317 1667 licet
333 1633 481 1667 AEneam
498 1632 742 1676 Rutulumque
758 1632 908 1666 ferocem

71 1679 278 1714 Committas
293 1691 303 1722 ς
326 1679 418 1713 nulli
433 1679 549 1724 gravis
566 1682 618 1712 est
634 1690 816 1723 percussus
832 1678 997 1722 Achilles,

503 1732 517 1751 ⁸
537 1735 652 1762 diducit.
679 1735 726 1770 qui
740 1735 817 1761 ducit

1127 168 1194 202 130

1125 629 1192 660 140

1126 1087 1191 1118 150

1125 1546 1191 1578 160
