1284 1922
465 60 634 95 SATIRA
661 60 722 94 VI.
1111 59 1152 90 41

38 129 107 164 Illa
124 128 224 162 docet
241 128 359 173 spoliis
376 127 463 161 nudi
480 128 632 171 gaudere
648 127 766 160 mariti
783 139 792 168 ;

37 174 106 209 Illa
122 174 231 217 docet,
248 174 362 207 missis
379 185 400 207 a
417 178 616 217 corruptore
635 173 784 214 tabellis,

35 219 97 254 Nil
113 220 209 262 rude,
226 231 289 253 nec
307 219 455 263 simplex
471 217 656 251 rescribere
674 231 682 258 3
707 218 838 261 decipit
855 217 918 250 illa

36 265 202 300 Custodes
218 269 282 298 aut
299 276 364 298 aere
381 264 500 297 domat
514 276 520 297 :
546 268 633 297 tunc
650 275 790 307 corpore
807 274 889 296 sano

35 311 194 345 Advocat
211 310 433 353 Archigenen
450 320 662 352 onerosaque
678 309 787 352 pallia
799 310 923 352 jactat.

35 357 188 390 Abditus
204 356 339 389 interea
355 355 443 388 latet
460 359 496 388 et
513 366 653 388 securus
669 354 817 396 adulter,

37 402 299 445 Impatiensque
315 412 419 434 m01ae
437 404 542 445 pavet
559 404 594 434 et
611 400 784 444 praeputia
801 381 909 433 ducit.

35 447 176 482 Scilicet
193 450 382 491 exspectas,
400 450 442 479 ut
459 446 577 480 tradat
592 450 706 479 mater
722 445 884 478 honestos

35 493 152 536 Atque
169 492 254 526 alios
271 503 391 535 moreS,
409 503 515 535 quam
533 503 618 536 quos
635 491 765 526 habet.
759 494 765 516 ¹
792 490 881 524 utile
898 501 1000 535 porro
1088 492 1156 523 240

35 538 198 572 Filiolam
215 538 312 582 turpi
328 537 457 571 vetulae
474 538 664 582 producere
682 541 830 580 turpem.

81 584 190 618 Nulla
206 584 278 618 fere
295 594 400 617 causa
417 588 478 625 est,
495 583 533 616 in
551 594 621 627 qua
637 593 708 615 non
724 582 856 616 femina
872 582 973 616 litem

35 629 196 663 Moverit.
244 629 398 662 Accusat
415 629 574 671 Manilia,
592 629 621 661 si
637 639 696 661 rea
712 639 783 661 non
801 632 862 662 est.

37 675 283 719 Componunt
274 686 357 719 lpsae
375 686 436 718 per
453 686 488 708 se
505 675 728 716 formantque
744 673 890 716 libellos,

36 720 255 765 Principium
272 724 378 763 atque
395 720 486 753 locos
505 720 601 753 Celso
619 720 752 753 dictare
768 723 910 763 paratae.

83 766 314 800 Endromidas
331 766 452 817 Tyrias
469 770 505 799 et
521 765 713 798 femineum
731 776 866 798 ceroma

38 812 124 854 Quis
140 812 252 846 nescit
265 812 278 845 2
303 811 359 845 vel
377 812 454 854 quis
470 823 541 844 non
557 811 648 844 vidit
665 811 812 845 vulnera
827 810 902 855 pali
918 809 932 843 2

39 858 151 899 Quem
167 861 269 891 cavat
285 857 433 891 assiduis
451 856 596 890 sudibus
614 861 780 900 scutoque
798 856 947 899 lacessit,

37 904 154 947 Atque
171 914 289 936 omnes
305 903 429 947 implet
446 914 618 946 numeros,
635 902 840 945 dignissima
856 912 995 946 prorsus
1046 937 1050 941 ,

38 949 169 983 Florali
184 953 345 982 matrona
361 949 457 991 tuba,
474 948 543 981 nisi
560 949 589 981 si
607 948 693 992 quid
709 948 747 981 in
763 948 825 981 illo
1088 949 1158 981 250

39 994 183 1028 Pectore
199 994 279 1039 plus
297 995 411 1038 agitat
428 1005 588 1037 veraeque
606 998 752 1038 paratur
769 1004 892 1027 arenae.

39 1040 151 1082 Quem
167 1044 330 1084 praestare
346 1044 460 1084 potest
477 1040 604 1073 mulier
619 1039 758 1084 galeata
774 1039 952 1083 pudorem,

40 1085 123 1126 Quae
139 1086 235 1129 fugit
251 1097 272 1119 a
289 1097 374 1118 sexu
390 1085 403 1119 ’ἒ
429 1086 518 1119 vires
535 1090 640 1119 amat.
689 1085 776 1118 Haec
794 1089 911 1118 tamen
927 1085 1004 1128 ipsa.

38 1131 103 1165 Vir
118 1132 227 1165 nollet
243 1131 334 1165 fieri:
359 1143 442 1165 nam
459 1131 630 1175 quantula
646 1134 765 1164 nostra
781 1131 942 1174 voluptas
957 1133 964 1165 !

41 1177 152 1218 Quale
168 1177 272 1210 decus
288 1188 415 1220 rerum,
433 1177 463 1210 si
479 1177 637 1221 conjugis
655 1177 770 1210 auctio
787 1176 860 1218 fiat,

39 1222 193 1266 Balteus,
210 1227 246 1256 et
261 1223 417 1266 manicae,
435 1227 470 1256 et
487 1223 611 1265 cristae,
629 1223 808 1266 crurisque
825 1221 958 1255 sinistri

39 1268 235 1302 Dimidium
251 1273 392 1312 tegmen
409 1272 415 1304 !
443 1268 498 1302 vel
516 1269 544 1302 si
561 1269 697 1302 diversa
712 1267 866 1301 movebit

40 1313 178 1357 Proelia,
196 1319 236 1348 tu
252 1314 348 1357 felix,
367 1325 484 1347 ocreas
501 1315 675 1348 vendente
693 1314 834 1358 puella!

40 1359 108 1393 Hae
125 1364 217 1404 sunt,
235 1370 311 1403 quae
328 1360 427 1393 tenui
444 1359 597 1393 sudant'
588 1371 626 1392 111
643 1359 796 1410 cyclade,
815 1369 963 1403 quarum

39 1404 192 1440 Delicias
209 1410 245 1439 et
261 1405 472 1450 panniculus
489 1404 716 1448 bombycinus
733 1405 813 1438 urit.
1091 1406 1159 1438 260

39 1451 176 1496 Aspice,
195 1463 262 1495 quo
279 1451 424 1484 fremitu
441 1456 650 1484 monstratos
667 1451 820 1495 perferat
836 1449 927 1483 ictus

39 1496 88 1530 Et
104 1501 236 1541 quanto
253 1497 361 1541 galeae
379 1501 542 1530 curvetur
559 1496 718 1540 pondere,
737 1500 870 1540 quanta

41 1541 239 1587 Poplitibus
256 1543 385 1585 sedeat,
404 1553 507 1586 quam
525 1542 630 1575 denso
646 1542 755 1575 fascia
772 1541 870 1575 libro.

41 1587 88 1622 Et
103 1588 188 1631 ride,
205 1589 326 1632 positis
344 1588 525 1632 scaphium
544 1599 653 1631 quum
671 1588 819 1620 sumitur
835 1587 949 1621 armis.

40 1633 158 1667 Dicite
174 1645 234 1667 vos
250 1637 373 1677 neptes
390 1633 513 1677 Lepidi
531 1634 656 1666 caecive
673 1633 819 1675 Metelli,

42 1679 198 1723 Gurgitis
215 1683 278 1714 aut
294 1678 404 1723 Fabii,
423 1690 498 1724 quae
515 1679 612 1712 ludia
629 1679 789 1712 sumserit
807 1688 961 1722 unquam
