1284 1922
489 76 659 113 SATIRA
686 75 768 111 VII.
1139 73 1184 107 55

11 166 14 167 ν
61 144 98 179 Si
115 156 184 189 qua
200 144 342 178 aliunde
359 148 463 189 putas
479 156 596 178 rerum
613 142 849 188 exspectanda
866 145 1008 176 tuarum

61 190 239 234 Proesidia,
256 194 361 235 atque
378 191 455 224 ideo
473 202 600 224 croceae
618 189 820 223 membrana
836 188 974 222 tabellae

63 237 255 280 Impletur:
280 237 456 281 lignorum
473 237 607 280 aliquid
624 247 725 280 posce
742 235 837 269 ocius
854 238 898 278 et,
917 244 994 279 quae

61 281 254 326 Componjs‚
271 282 362 316 dona
380 283 534 324 Veneris,
552 282 718 323 Telesine,
734 281 871 324 marito,

60 330 135 362 Aut
151 328 253 362 clude
271 333 305 362 et
322 329 451 373 positos
468 329 564 361 tinea
580 327 752 372 pertunde
769 326 914 360 libellos.

60 373 198 418 Frange
213 374 318 408 miser
334 375 484 408 calamos
500 374 715 417 vigilataque
733 372 854 417 proelia
871 371 957 415 dele,

62 419 130 461 Qui
145 420 232 454 facis
249 420 286 453 in
303 432 411 464 parva
429 419 591 453 sublimia
608 419 763 453 carmina
781 418 878 460 cella,

60 464 109 498 Ut
126 465 253 509 dignus
271 467 388 499 venias
405 465 540 498 hederis
558 469 593 498 et
610 465 762 508 imagine
778 475 905 497 macra.

59 510 144 555 Spes
160 511 259 545 nulla
277 511 420 545 ulterior
434 524 440 545 :
466 511 590 544 didicit
602 513 678 555 jam
695 511 792 544 dives
809 520 935 543 avarus
1138 509 1183 541 30

59 557 213 590 Tantum
229 557 402 600 admirari,
421 561 561 590 tantum
579 557 722 590 laudare
739 556 893 598 disertos,

61 602 109 636 Ut
125 603 226 647 pueri
242 603 395 636 Junonis
413 614 521 637 avem.
570 603 638 636 Sed
655 602 780 636 defluit
797 605 882 635 aetas

58 648 106 682 Et
122 649 239 692 pelagi
255 649 393 693 patiens
410 653 445 682 et
463 649 604 682 cassidis
622 653 728 692 atque
745 647 880 691 ligonis.

57 693 177 728 Taedia
193 699 279 728 tunc
296 694 446 728 subeunt
463 695 606 737 animos,
624 698 710 728 tunc
728 704 832 737 seque
849 702 1018 736 suamque

57 739 306 784 Terpsichoren
324 741 399 774 odit
414 740 568 774 facunda
585 744 620 773 ct
637 739 733 772 nuda
750 742 918 772 senectus.

103 786 233 830 Accipe
249 798 344 820 nunc
361 791 463 829 artes,
481 797 525 819 ne
542 786 625 829 quid
642 785 708 818 tibi
726 785 881 818 conferat
898 784 974 826 iste,

58 831 171 872 Quem
187 832 279 874 colis,
297 836 332 866 et
349 832 531 865 Musarum
549 836 584 865 et
601 831 773 875 Apollinis
790 830 864 863 aede
880 829 1012 863 relicta.

57 876 137 922 Ipse
154 877 240 911 facit
257 889 374 911 versus
391 882 497 922 atque
514 877 577 910 uni
595 877 687 910 cedit
705 877 857 910 Homero

56 922 203 968 Propter
218 923 314 957 mille
332 935 440 957 annos
454 936 461 957 ε
487 928 530 966 et,
549 924 578 956 si
595 923 779 956 dulcedine
795 922 898 955 famae

57 968 252 1002 Succensus
268 970 401 1012 recites,
419 969 632 1002 maculosass
650 968 846 1002 commodat
863 966 953 1000 aedes
963 979 973 1009 ;
1137 967 1182 998 40

58 1014 144 1048 Haec
160 1015 263 1058 longe
279 1016 408 1048 ferrata
426 1015 548 1048 domus
566 1015 692 1048 servire
705 1013 860 1057 jubetur,

56 1059 100 1093 In
117 1072 187 1104 qua
204 1061 368 1095 sollicitas
385 1061 546 1095 imit-atur
557 1062 669 1104 janua
684 1064 811 1103 portas.

55 1105 129 1140 Scit
146 1106 228 1140 dare
245 1107 385 1140 libertos
402 1112 559 1139 extrema
574 1106 612 1138 in
630 1110 729 1149 parte
746 1105 904 1138 sedentes

56 1151 197 1185 Ordinis
214 1156 249 1186 et
265 1163 409 1195 magnas
427 1152 594 1185 comitum
611 1152 791 1194 disponere
808 1161 916 1184 voces.

53 1197 165 1232 Nemo
182 1198 280 1231 dabit
296 1209 428 1240 regum,
445 1198 570 1241 quanti
587 1197 750 1230 subsellia
766 1200 926 1230 constent

55 1243 103 1276 Et
120 1255 197 1288 quae
214 1244 385 1277 conducto
402 1243 557 1287 pendent
573 1242 768 1276 anabathra
784 1242 909 1286 tigiflo,

56 1289 211 1333 Quaeque
226 1290 444 1334 reportandis
460 1289 574 1333 posita
591 1293 643 1322 est
660 1288 835 1322 orchestra
851 1287 1035 1322 cathedris.

54 1334 126 1368 Nos
143 1340 260 1368 tamen
277 1335 343 1368 hoc
359 1335 496 1378 agimus
512 1335 682 1378 tenuique
698 1335 736 1367 in
753 1334 896 1378 pulvere
913 1333 1025 1367 sulcos

54 1380 225 1414 Ducimus
242 1384 277 1414 et
294 1381 379 1413 litus
397 1381 506 1413 sterili
522 1391 700 1414 versamus
717 1384 842 1413 aratro.

54 1425 146 1460 Nam
163 1427 192 1460 si
208 1427 373 1468 discedas,
392 1426 514 1470 laqueo
531 1430 629 1459 tenet
645 1424 821 1458 ambitiosi
1132 1425 1178 1458 50

55 1472 276 1506 Consuetudo
292 1472 377 1505 mali
391 1484 400 1512 ;
425 1476 522 1504 tenet
538 1471 731 1504 insanabile
747 1471 876 1505 multos

54 1517 236 1552 Scribendi
252 1517 440 1561 cacoethes,
458 1522 493 1550 et
510 1528 601 1561 aegro
619 1517 654 1550 in
672 1517 773 1550 corde
789 1517 945 1551 senescit.

54 1562 122 1597 Sed
139 1568 256 1598 vatem
272 1564 461 1607 egregium,
479 1564 536 1596 cui
553 1574 621 1596 non
640 1563 684 1596 sit
701 1562 843 1607 publica
859 1574 959 1606 vena,

55 1608 125 1650 Qui
140 1609 231 1642 nihil
248 1610 445 1653 expositum
463 1609 572 1642 soleat
588 1609 766 1652 deducere,
784 1620 848 1642 nec
865 1609 927 1653 qui

55 1654 239 1688 Communi
254 1655 358 1688 feriat
376 1667 516 1688 carmen
533 1654 671 1688 triviale
687 1658 836 1698 moneta,

54 1699 172 1745 Hunc,
189 1701 328 1746 qualem
344 1712 476 1746 nequeo
493 1704 685 1734 monstrare
701 1703 737 1734 et
753 1700 864 1734 sentio
881 1703 1031 1744 tantum,

517 1759 526 1771 ¹
547 1757 714 1783 Maculonus
