1284 1922
521 54 690 89 SATIRA
717 54 756 89 X.
1156 55 1200 87 83

76 125 212 168 Majora
229 127 434 168 exspectant
451 121 676 156 discrimina?
703 122 763 155 fiet
780 121 919 155 adulter

77 170 253 213 Publicus,
272 175 307 203 et
325 180 443 214 poenas
459 174 604 210 metuet,
622 179 849 211 quascunque
865 167 1001 201 maritis

77 216 182 250 Iratis
199 216 301 249 debet
315 227 322 249 z
347 226 411 248 nec
428 215 512 248 erit,r
527 214 661 247 felicior
678 218 770 247 astro

76 262 212 303 Martis,
230 265 270 294 ut
288 261 325 294 in
342 261 482 304 laqueos
500 271 681 303 nunquam
697 259 840 293 incidat.
889 259 1012 302 Exigit
1029 261 1149 292 autem

79 307 263 341 Interdum
279 307 339 340 ille
357 306 453 339 dolor
470 305 559 349 plus,
578 317 683 349 quam
700 305 757 337 lex
775 305 849 338 ulla
866 305 977 338 dolori

79 353 263 387 Concessit.
311 352 344 385 N
347 356 423 385 ecat
440 351 497 384 hic
514 351 613 394 ferro,
632 354 726 384 secat
743 351 801 384 ille
819 351 972 383 cruentis

79 398 298 439 Verberibus,
317 398 483 441 quosdam
499 397 650 429 moechos
668 400 703 429 et
719 397 862 439 mugilis
879 396 999 430 intrat.

79 444 146 478 Sed
163 449 246 477 tuus
263 443 461 487 Endymion
479 443 615 475 dilectae
633 442 694 475 fiet
711 442 850 475 adulter

78 489 251 523 Matronae
267 501 273 523 :
298 501 380 522 mox
397 500 506 533 quum
524 488 658 521 dederit
676 487 822 521 Servilia
839 499 1009 531 nummos,

78 535 158 569 Fiet
175 540 210 568 et
226 535 332 577 illius,
350 545 455 578 quam
472 545 541 567 non
557 538 673 574 amat3
698 538 805 566 exuet
823 545 962 566 omnem
1136 534 1205 566 320

80 581 236 625 Corporis
254 584 424 614 ornatum.
474 580 566 620 Quid
584 580 677 612 enim
693 579 768 612 ulla
784 579 965 623 negaverit
982 579 1060 612 udis

80 626 300 671 Inguinibus,
319 626 390 659 sive
407 629 460 659 est
475 625 550 658 haec
569 625 689 669 Oppia,
708 626 780 658 sive
798 625 960 659 Catulla?

79 672 239 706 Deterior
255 676 345 706 totos
362 671 468 704 habet
485 671 558 704 illic
575 671 707 704 femina
722 682 843 705 mores.

84 721 107 735 “
118 717 185 752 Sed
202 722 296 751 casto
313 717 399 761 quid
416 718 526 751 forma
542 720 646 749 nocet
664 716 697 749 ‘2³’
732 715 824 755 Quid
842 712 974 757 profuit
991 711 1099 745 immo

81 763 276 807 Hippolyto
293 773 399 806 grave
415 760 654 806 propositum?
680 761 765 804 quid
782 760 1044 804 Bellerophonti
1060 759 1072 793 'l

80 809 234 843 Erubuit
250 819 374 852 nempe
392 807 476 850 haec,
495 818 559 840 ceu
575 806 736 840 fastidita
746 819 755 848 3
779 806 942 850 repulso&

81 855 155 889 Nec
173 853 380 888 Stheneboea
395 853 522 894 minus,
541 864 647 896 quam
664 852 792 895 Cressa,
810 851 1011 895 excanduit,
1028 854 1063 885 et
1081 862 1116 885 se

83 901 291 934 Concussere
308 899 428 933 ambae.
477 898 608 931 Mulier
626 899 814 932 saevissima
830 902 917 931 tune
934 902 996 941 est,

84 947 203 987 Quum
219 945 378 979 stimulos
395 945 472 978 odio
490 944 603 988 pudor
619 944 790 977 admovet.
839 943 949 987 Elige,
968 943 1137 987 quidnam

84 991 309 1026 Suadendum
326 1002 398 1024 esse
415 995 527 1034 putes,
546 990 603 1022 eui
619 989 750 1023 nubere
768 989 909 1023 Caesaris
927 1001 1016 1022 uxor
1141 989 1210 1022 330

83 1038 257 1072 Destinat.
306 1036 469 1080 Optimus
486 1036 543 1068 hie
561 1040 596 1069 et
612 1035 878 1068 formosissimus
895 1035 989 1068 idem

86 1084 207 1117 Gentis
225 1083 381 1127 patriciae
398 1082 535 1126 rapitur
551 1082 655 1114 miser
672 1081 950 1124 exstinguendus

85 1129 284 1163 Messalinae
301 1128 426 1161 oculis:
453 1127 588 1160 dudum
606 1127 701 1160 sedet
718 1127 780 1159 illa
797 1131 919 1170 parato

85 1174 307 1217 Flammeolo,
325 1173 519 1217 Tyriusque
536 1172 653 1216 palam
670 1173 815 1216 genialis
832 1173 870 1205 in
888 1172 999 1206 hortis

86 1221 272 1263 Sternitur,
289 1224 324 1252 et
341 1220 414 1252 ritu
432 1219 544 1251 decies
561 1224 707 1252 centena
724 1218 904 1252 dabuntur

86 1267 260 1311 Antiquo:
286 1265 403 1299 veniet
421 1276 501 1298 eum
518 1264 751 1308 signatoribus
768 1276 911 1308 auspex.

87 1312 174 1346 Haec
191 1317 232 1345 tu
249 1316 380 1345 secreta
397 1315 432 1344 et
449 1311 569 1354 paucis
587 1311 767 1343 commissa
784 1309 954 1354 putabas?

87 1358 121 1392 N
123 1370 168 1392 on
183 1357 251 1390 nisi
268 1357 424 1400 legitime
442 1356 520 1389 vult
536 1356 675 1389 nubere.
725 1356 817 1397 Quid
835 1356 981 1400 placeat,
999 1355 1074 1390 dic:

87 1404 136 1438 Ni
152 1415 273 1448 parere
290 1403 386 1445 velis,
404 1402 621 1446 pereundum
639 1402 704 1435 erit
721 1406 803 1434 ante
820 1401 978 1435 lucernas
992 1414 1000 1436 z

89 1449 126 1484 Si
143 1449 254 1482 scelus
270 1449 447 1488 admittam,
466 1447 607 1480 dabitur
623 1459 719 1481 mora
736 1447 891 1491 parvula,
909 1447 994 1480 dum
1009 1459 1063 1481 res
1145 1448 1212 1480 340

89 1495 184 1529 Nota
200 1495 279 1528 urbi
297 1499 331 1528 et
348 1494 476 1538 populo
495 1493 676 1537 contingat
693 1493 859 1537 principis
877 1505 986 1528 aures,

90 1540 250 1575 Dedecus
267 1540 326 1573 ille
344 1541 466 1573 domus
484 1540 568 1572 sciet
586 1539 750 1573 ultimus:
775 1539 909 1572 interea
926 1543 968 1572 tu

92 1587 289 1630 Obsequere
305 1586 469 1630 imperio:
495 1585 540 1617 sit
558 1585 649 1618 tanti
666 1586 739 1618 vita
756 1585 891 1618 dierum

91 1632 298 1666 Paucorum.
347 1631 528 1675 Quidquid
545 1631 670 1663 melius
686 1631 866 1675 leviusque
883 1631 1028 1675 putaris,

92 1677 284 1711 Praebenda
301 1681 354 1710 est
371 1677 487 1721 gladio
505 1676 626 1720 pulcra
642 1677 717 1710 haec
734 1681 769 1710 et
786 1677 936 1710 candida
952 1677 1079 1710 cervix.

209 1732 218 1750 ¹
229 1735 350 1769 Exigere
363 1734 441 1760 irati:
462 1742 511 1759 nec
525 1734 576 1758 erit
749 1739 760 1756 Ε
776 1735 908 1766 fastidita,
922 1735 1030 1767 repulso
1045 1734 1104 1759 Nee
