1284 1922
496 69 667 103 SATIRA
694 68 760 102 ΙΙΙ.
1145 71 1189 104 19

115 140 200 174 Pars
216 151 346 183 magna
363 139 477 173 Itahae
495 143 556 182 est,
574 140 603 172 si
619 150 740 173 verum
757 138 987 181 admittimus,
1005 137 1042 171 in
1059 149 1129 182 qua

67 186 178 220 Nemo
196 190 314 229 togam
331 186 437 218 sumit
454 185 521 218 nisi
537 190 705 218 mortuus.
755 184 836 228 Ipsa
853 184 990 217 dierum

68 231 97 265 F
100 237 251 266 estorum
268 231 410 264 herboso
427 231 552 264 colitur
569 231 598 263 si
614 230 753 274 quando
770 230 908 263 theatro

68 277 245 321 Majestas,
263 276 474 320 tandemque
490 276 584 310 redit
601 276 646 309 ad
663 276 802 320 pulpita
819 280 945 308 notum

68 322 254 365 Exodium,
271 334 380 366 quum
398 333 550 366 personae
566 321 731 366 pallentis
748 321 887 354 hiatum

70 367 113 402 In
129 368 260 412 gremio
277 368 398 401 matris
415 367 581 400 formidat
597 367 748 400 rusticus
764 367 891 409 infans,

67 413 137 458 AEq
139 413 236 447 uales
252 413 394 446 habitus
411 413 484 446 illic
502 413 719 456 similemque
735 411 868 445 videbis

71 459 291 493 Orchestram
308 463 343 492 et
359 458 550 503 populum:
577 458 661 491 clari
678 457 836 491 velamen
853 457 1001 500 honoris,

70 504 256 538 Sufficiunt
273 504 401 538 tunicae
419 504 562 537 summis
579 503 753 536 AEdilibus
769 503 867 537 albae.

71 550 140 583 Hic
157 550 251 583 ultra
267 550 357 583 vires
373 550 515 583 habitus
531 550 646 582 nitor·
638 575 646 589 ‚
671 549 728 582 hie
745 549 879 592 aliquid
897 548 977 593 plus
1124 550 1190 582 180

62 593 184 637 i'Quam
201 595 284 629 satis
301 599 353 628 est
369 595 547 628 interdum
564 595 678 628 aliena
695 595 846 627 sumitur
862 606 950 627 arca.

71 641 259 675 Commune
276 641 313 674 id
330 641 457 674 vitium
474 645 547 674 est:
573 640 630 673 hie
647 640 798 672 vivimus
815 639 998 673 ambitiosa

70 685 284 731 Paupertate
301 697 426 720 omnes.
476 686 569 727 Quid
586 690 621 718 te
637 696 750 718 moror
764 685 776 718 2
825 684 951 718 Omnia
969 685 1087 718 Romae

71 732 159 766 Cum
175 732 296 784 pretio.
346 732 438 773 Quid
455 731 526 771 das
543 735 585 764 ut
602 731 744 764 Cossum
761 730 949 775 aliquando
967 730 1122 764 salutes?

70 777 120 811 Ut
136 781 172 811 te
188 777 351 821 respiciat
368 777 462 810 claus
448 788 484 810 <o
500 777 648 810 Veiento
664 776 789 810 labello
804 776 816 810 3

72 823 137 857 [lle
152 824 256 856 metit
272 822 425 866 barbam,
442 823 572 856 crinem
589 822 646 855 hie
663 821 807 865 deponit
824 822 955 855 amati·
947 848 955 862 ,

71 867 181 902 Plena
197 868 319 902 domus
335 868 415 901 libis
431 867 626 912 genialibus
643 870 649 902 !
699 867 828 911 Accipe
846 872 880 900 et
898 867 993 900 istud

72 913 295 947 Fermentum
315 913 380 947 tibi
397 913 486 946 habe
500 926 506 946 :
531 917 696 957 praestare
713 912 847 946 tributa
863 913 1007 946 clientes

73 959 237 1002 Cogimur
253 963 288 993 et
305 959 410 992 cultis
427 970 556 1002 augere
573 958 710 1002 peculia
728 959 843 991 servis.

119 1005 204 1046 Quis
222 1004 323 1038 timet
340 1008 403 1038 aut
419 1005 540 1037 timuit
557 1003 673 1048 gelida
690 1003 865 1036 Praeneste
881 1003 1030 1046 ruinam,
1127 1005 1194 1036 190

72 1049 145 1084 Aut
162 1050 282 1094 positis
299 1061 476 1083 nemorosa
493 1050 584 1082 inter
597 1050 687 1101 juga
704 1049 878 1091 Volsiniis,
895 1051 959 1082 aut

72 1095 295 1140 Simplicibus
314 1095 439 1137 Gabiis,
457 1099 520 1128 aut
536 1095 637 1138 proni
654 1094 790 1127 Tiburis
807 1106 886 1127 aree
899 1094 912 1128 ’ἒ

72 1140 144 1174 Nos
160 1141 280 1174 urbem
297 1140 442 1174 colimus
459 1140 558 1174 tenui
574 1139 718 1173 tibicine
734 1139 862 1173 fultam

74 1186 206 1230 Magna
221 1190 320 1230 parte
337 1186 400 1219 sui.
448 1185 541 1219 Nam
557 1185 605 1218 sic
622 1185 821 1218 labentibus
838 1185 954 1219 obstat

73 1231 222 1265 Villicus
238 1235 274 1265 et
291 1232 416 1265 veteris
432 1231 530 1264 rimae
548 1231 724 1264 contexit‘
737 1231 887 1283 biatum,

74 1277 218 1311 Securos
234 1277 408 1321 pendente
420 1277 523 1321 jubet
540 1276 689 1310 dormire
704 1277 817 1310 ruina.

75 1322 274 1356 Vivendum
291 1326 343 1356 est
360 1322 443 1365 illic,
459 1322 521 1355 ubi
537 1322 637 1355 nulla
653 1322 824 1364 incendia,
841 1322 932 1355 1111111

75 1369 184 1402 Nocte
200 1372 322 1402 metus.
371 1368 396 1401 J
397 1379 455 1401 am
471 1368 582 1412 poscit
599 1378 736 1411 aquam,
749 1368 825 1410 jam
841 1367 966 1401 frivola.
982 1367 1149 1402 transfert

75 1414 274 1457 Ucalegon·
267 1440 275 1454 ‚
299 1413 459 1447 tabulata
476 1413 569 1446 tibi'
554 1424 629 1456 Jam
646 1413 752 1445 tertia
768 1412 931 1446 fumant·
923 1439 932 1453 ,

75 1459 128 1492 Tu
144 1459 255 1492 nescis
269 1471 276 1492 ε
301 1471 383 1492 nam
401 1459 428 1492 si
446 1458 611 1502 gradibus
628 1458 824 1502 trepidatur
841 1458 884 1492 ab
901 1458 990 1503 imis,
1129 1459 1196 1492 200

76 1504 230 1538 Ultimus
246 1503 391 1547 ardebit,
410 1515 514 1548 quem
530 1503 651 1547 tegula
667 1503 739 1537 sola
755 1507 877 1537 tuetur

77 1549 108 1583 A
124 1550 254 1594 pluvia,
271 1549 392 1583 molles
408 1549 469 1583 ubi
485 1549 638 1582 reddunt
655 1560 719 1583 ova
735 1549 913 1583 columbae.

77 1594 201 1629 Lectus
217 1599 292 1629 erat
309 1595 418 1629 Codro
436 1595 584 1628 Procula
599 1594 724 1638 minor,
740 1595 870 1628 urceoli
887 1607 957 1638 seX,

79 1640 331 1674 Ornamentum
348 1640 446 1674 abaci
461 1653 469 1681 ;
494 1651 558 1674 nec
574 1651 644 1673 non
661 1643 697 1673 et
713 1640 880 1684 parvulus
897 1641 989 1674 infra

80 1685 284 1729 Cantharus‚
303 1690 337 1720 et
353 1686 522 1719 recubans
540 1685 604 1719 sub
621 1685 740 1719 eodem
755 1697 925 1720 marmore
943 1686 1069 1721 Chiron
1083 1699 1093 1728 ;

453 1741 462 1758 ¹
483 1745 520 1774 et,
533 1745 588 1767 vet.
604 1742 636 1766 ri.
651 1749 734 1774 quum
751 1742 820 1768 texit
