1284 1922
446 63 616 98 SATIRA
642 64 742 98 VIII.

38 131 104 164 Res
121 129 216 164 haud
232 130 322 164 mira
338 133 466 173 tamen,
485 131 675 164 citharoedo
693 130 865 175 Principe,
882 131 1009 164 mimus

37 176 180 210 Nobilis.
221 176 308 210 Haec
324 176 418 209 ultra
435 176 517 220 quid
535 177 610 218 erit,
627 176 695 209 nisi
711 176 815 210 ludus
830 176 842 209 ’ἒ
882 177 929 210 Et
945 176 1034 210 illud

36 221 194 255 Dedecus
211 221 304 254 urbis
321 221 444 256 habes:
470 233 534 255 nec
550 222 770 255 mirmillonis
786 223 824 255 in
841 222 955 265 armis,

36 267 109 300 Nec
126 267 246 311 clypeo
265 267 457 301 Gracchum
474 271 692 311 pugnantem
709 272 771 301 aut
788 268 877 301 falce
894 268 1028 312 supina.

38 313 207 356 (Damnat
224 313 317 345 enim
334 312 421 346 tales
438 313 578 346 habitus
590 325 599 353 ;
624 314 683 346 etd
700 313 844 346 damnat
861 317 896 347 et
913 314 1002 356 odit)

35 358 69 392 N
71 370 108 392 ec
125 358 226 401 galea
242 358 367 391 faciem
384 357 583 399 abscondit;
608 362 725 392 movet
742 370 821 392 ecce
838 359 1036 403 tridentem,

36 403 227 447 Postquam
243 403 371 436 librata
387 404 576 447 pendentia
592 404 681 437 retia
698 404 822 438 dextra

34 449 280 493 Nequidquam
297 449 431 492 effudit,
448 450 584 482 nudum
600 450 646 483 ad
663 450 862 494 spectacula
878 449 1017 484 vultum

35 495 149 538 Erigit
167 500 202 528 et
219 499 294 528 tota
310 495 405 538 fugit
422 496 660 539 agnoscendus
677 507 791 530 arena.

36 541 222 574 Credamus
240 541 378 583 tunicae,
397 541 440 573 de
456 540 615 574 faucibus
632 553 735 575 aurea
753 553 863 586 quum
880 553 916 576 se

35 586 195 630 Porrigat
213 590 248 619 et
265 586 368 638 longo
381 588 535 630 jactetur
553 587 645 630 spira
662 587 788 630 galero.

35 632 152 675 Ergo
143 632 371 675 lgnominiam
388 632 582 675 graviorem
598 633 745 676 pertulit
761 633 857 666 omni

35 677 187 711 Vulnere
204 689 282 710 cum
300 678 479 711 Graccho'
465 689 582 721 Jussus
599 689 755 721 pugnare
772 682 946 730 sequutor.

81 723 204 756 hibera
221 723 249 756 si
267 723 394 756 dentur
410 723 538 767 populo
556 723 729 766 suffragia,
747 724 824 767 quis
841 728 914 757 tam

35 768 206 812 Perditus,
223 772 263 802 ut
281 768 418 802 dubitet
435 768 602 802 Senecam
618 769 781 813 praeferre
797 769 928 804 Neroni
942 783 951 812 ;

35 814 140 858 Cujus
158 814 327 858 supplicio
345 826 415 847 non
432 814 552 848 debuit
569 826 639 847 una
655 815 771 858 parari

34 859 152 902 Simia,
169 871 232 893 nec
249 871 388 904 serpens
404 871 507 903 unuS,
524 871 588 893 nec
605 860 725 894 culeus
744 860 854 895 unus?

34 905 103 938 Par
119 887 427 949 A'gamemnonidae
445 905 598 946 crimen3
623 906 682 939 sed
700 918 803 940 causa
819 907 905 941 facit
921 919 995 941 rem

34 950 257 984 Dissimilem.
300 951 436 1003 Quippe
454 951 513 984 1118
531 932 614 984 Deis
631 951 831 985 auctoribus
848 953 942 987 ultor

34 995 149 1029 Patris
166 1000 240 1030 erat
257 997 336 1030 caesi
352 997 468 1030 media
484 997 576 1029 inter
593 997 735 1040 pocula:
753 998 812 1031 sed
829 1010 893 1032 nec

33 1041 182 1075 Electrae
195 1042 318 1095 jugulo
336 1054 371 1075 se
388 1042 514 1086 polluit
531 1046 592 1075 aut
609 1042 772 1086 Spartani

34 1087 211 1131 Sanguine
229 1088 400 1131 conjugii3
426 1087 532 1121 nullis
549 1089 687 1121 aconita
704 1089 906 1132 propinquis

34 1132 188 1176 Miscuit,
205 1133 243 1165 in
260 1144 362 1166 scena
378 1144 558 1176 nunquam
576 1135 733 1167 cantavit
751 1134 897 1178 Orestes,

34 1178 157 1212 Troica
172 1190 243 1212 non
260 1179 406 1223 scripsit.
449 1178 541 1219 Quid
558 1179 651 1212 enim
670 1179 856 1223 Verginius
874 1181 979 1215 armis

33 1223 165 1258 Debuit
181 1224 303 1257 ulcisci
319 1224 440 1268 magis,
458 1227 521 1257 aut
539 1236 619 1257 cum
636 1225 786 1259 Vindice
804 1226 937 1260 Galba?

35 1269 126 1310 Quid
143 1270 235 1303 Nero
251 1274 325 1303 tam
343 1281 435 1303 saeva
452 1269 626 1314 crudaque
643 1271 830 1314 tyrannide
847 1272 954 1306 fecit?

34 1315 122 1349 Haec
139 1327 242 1359 opera
258 1319 365 1359 atque
381 1316 437 1349 hae
455 1319 537 1348 sunt
554 1316 711 1359 generosi
724 1316 897 1361 Principis
914 1322 1016 1362 artes,

34 1361 227 1394 Gaudentis
243 1361 335 1394 foedo
352 1361 535 1405 peregrina
551 1361 596 1394 ad
612 1361 753 1405 pulpita.
770 1367 878 1396 cantu

34 1405 213 1450 Prostitui,
233 1407 414 1450 Graiaeque
432 1407 554 1450 apium
570 1407 735 1440 meruisse
752 1419 893 1443 coronae.

33 1451 207 1496 Majorum
225 1452 354 1495 effigies
371 1453 550 1486 habeant
541 1453 693 1496 insignia
710 1454 819 1487 vocis:

32 1497 126 1531 Ante
143 1498 247 1542 pedes
264 1498 400 1531 Domiti
418 1498 561 1542 longum
578 1503 619 1531 tu
636 1510 725 1542 pone
742 1499 902 1543 Thyestae

33 1542 80 1586 Sy
81 1554 157 1576 rma
173 1543 229 1577 vel
246 1544 448 1587 Antigones,
465 1549 505 1577 tu
522 1554 723 1588 personame
740 1545 971 1591 Menalippes,

33 1588 80 1621 Et
97 1589 139 1622 de
155 1600 345 1622 marmoreo
363 1590 533 1623 citharam
552 1590 721 1634 suspende
738 1591 875 1625 colosso.

34 1634 136 1677 Quid,
154 1634 314 1677 Catilina,
332 1636 402 1669 tuis
418 1635 595 1669 natalibus
612 1640 718 1679 atque
736 1636 881 1681 Cethegi

35 1679 196 1714 Inveniet
213 1680 398 1724 quisquam
415 1681 620 1716 sublimius?
661 1682 768 1716 Arma
784 1687 903 1717 tamen
920 1694 980 1717 vos

246 1735 256 1752 θ
277 1737 326 1762 sed
660 1742 670 1755 θ
688 1748 738 1765 seu
750 1748 897 1773 personam

1115 66 1159 100 6⁹7

1088 225 1158 257 200

1088 683 1156 714 210

1086 1138 1155 1170 220

1087 1595 1156 1627 230
