<?xml version="1.0" encoding="UTF-8"?>
<!DOCTYPE html PUBLIC "-//W3C//DTD XHTML 1.0 Transitional//EN"
    "http://www.w3.org/TR/xhtml1/DTD/xhtml1-transitional.dtd">
<html xmlns="http://www.w3.org/1999/xhtml" xml:lang="en" lang="en">
 <head>
  <title>
</title>
<meta http-equiv="Content-Type" content="text/html;charset=utf-8" />
  <meta name='ocr-system' content='tesseract 3.04.00' />
  <meta name='ocr-capabilities' content='ocr_page ocr_carea ocr_par ocr_line ocrx_word'/>
</head>
<body>
  <div class='ocr_page' id='page_1' title='image "./juvenalisetpersi00juveuoft_0144.png"; bbox 0 0 1284 1922; ppageno 0'>
   <div class='ocr_carea' id='block_1_1' title="bbox 97 54 739 90">
    <p class='ocr_par' dir='ltr' id='par_1_1' title="bbox 97 54 739 90">
     <span class='ocr_line' id='line_1_1' title="bbox 97 54 739 90; baseline -0.003 0"><span class='ocrx_word' id='word_1_1' title='bbox 97 58 113 89; x_wconf 90' lang='lat'>1</span> <span class='ocrx_word' id='word_1_2' title='bbox 120 58 165 90; x_wconf 82' lang='lat'>36</span> <span class='ocrx_word' id='word_1_3' title='bbox 582 54 739 88; x_wconf 85' lang='lat' dir='ltr'>PERSII</span> 
     </span>
    </p>
   </div>
   <div class='ocr_carea' id='block_1_2' title="bbox 96 122 1114 1720">
    <p class='ocr_par' dir='ltr' id='par_1_2' title="bbox 96 122 1100 761">
     <span class='ocr_line' id='line_1_2' title="bbox 96 122 1008 168; baseline -0.001 -11"><span class='ocrx_word' id='word_1_4' title='bbox 96 123 222 167; x_wconf 80' lang='lat' dir='ltr'>Vappa</span> <span class='ocrx_word' id='word_1_5' title='bbox 239 126 274 157; x_wconf 86' lang='lat' dir='ltr'>et</span> <span class='ocrx_word' id='word_1_6' title='bbox 290 123 416 168; x_wconf 83' lang='lat' dir='ltr'>lippus,</span> <span class='ocrx_word' id='word_1_7' title='bbox 434 125 469 157; x_wconf 89' lang='lat' dir='ltr'>et</span> <span class='ocrx_word' id='word_1_8' title='bbox 487 123 524 156; x_wconf 87' lang='lat' dir='ltr'>in</span> <span class='ocrx_word' id='word_1_9' title='bbox 540 124 639 157; x_wconf 88' lang='lat' dir='ltr'>tenui</span> <span class='ocrx_word' id='word_1_10' title='bbox 655 123 830 167; x_wconf 77' lang='lat' dir='ltr'>farragine</span> <span class='ocrx_word' id='word_1_11' title='bbox 846 122 1008 157; x_wconf 79' lang='lat' dir='ltr'>mendax.</span> 
     </span>
     <span class='ocr_line' id='line_1_3' title="bbox 96 168 999 212; baseline 0 -10"><span class='ocrx_word' id='word_1_12' title='bbox 96 168 250 202; x_wconf 84' lang='lat' dir='ltr'>Verterit</span> <span class='ocrx_word' id='word_1_13' title='bbox 267 169 361 202; x_wconf 88' lang='lat' dir='ltr'>hunc</span> <span class='ocrx_word' id='word_1_14' title='bbox 379 170 548 212; x_wconf 86' lang='lat' dir='ltr'>dominus,</span> <span class='ocrx_word' id='word_1_15' title='bbox 565 173 740 202; x_wconf 86' lang='lat' dir='ltr'>momento</span> <span class='ocrx_word' id='word_1_16' title='bbox 757 168 906 202; x_wconf 78' lang='lat' dir='ltr'>turbinis</span> <span class='ocrx_word' id='word_1_17' title='bbox 923 170 999 202; x_wconf 87' lang='lat' dir='ltr'>exit</span> 
     </span>
     <span class='ocr_line' id='line_1_4' title="bbox 97 213 1063 259; baseline 0 -12"><span class='ocrx_word' id='word_1_18' title='bbox 97 213 235 248; x_wconf 82' lang='lat' dir='ltr'>Marcus</span> <span class='ocrx_word' id='word_1_19' title='bbox 253 215 374 249; x_wconf 79' lang='lat' dir='ltr'>Dama.</span> <span class='ocrx_word' id='word_1_20' title='bbox 415 215 539 259; x_wconf 71' lang='lat' dir='ltr'>Papael</span> <span class='ocrx_word' id='word_1_21' title='bbox 583 215 702 248; x_wconf 81' lang='lat' dir='ltr'>Marco</span> <span class='ocrx_word' id='word_1_22' title='bbox 720 215 910 259; x_wconf 74' lang='lat' dir='ltr'>spondente</span> <span class='ocrx_word' id='word_1_23' title='bbox 926 225 1063 247; x_wconf 84' lang='lat' dir='ltr'>recusas</span> 
     </span>
     <span class='ocr_line' id='line_1_5' title="bbox 96 260 1023 305; baseline -0.001 -12"><span class='ocrx_word' id='word_1_24' title='bbox 96 260 242 294; x_wconf 80' lang='lat' dir='ltr'>Credere</span> <span class='ocrx_word' id='word_1_25' title='bbox 259 264 300 293; x_wconf 83' lang='lat' dir='ltr'>tu</span> <span class='ocrx_word' id='word_1_26' title='bbox 316 260 500 294; x_wconf 65' lang='lat' dir='ltr'>nummos?</span> <span class='ocrx_word' id='word_1_27' title='bbox 541 261 659 294; x_wconf 84' lang='lat' dir='ltr'>Marco</span> <span class='ocrx_word' id='word_1_28' title='bbox 677 261 741 294; x_wconf 84' lang='lat' dir='ltr'>sub</span> <span class='ocrx_word' id='word_1_29' title='bbox 753 261 873 305; x_wconf 87' lang='lat' dir='ltr'>judice</span> <span class='ocrx_word' id='word_1_30' title='bbox 890 260 1023 304; x_wconf 65' lang='lat' dir='ltr'>palles?</span> 
     </span>
     <span class='ocr_line' id='line_1_6' title="bbox 96 305 1008 350; baseline -0.001 -11"><span class='ocrx_word' id='word_1_31' title='bbox 96 305 237 339; x_wconf 84' lang='lat' dir='ltr'>Marcus</span> <span class='ocrx_word' id='word_1_32' title='bbox 254 306 355 348; x_wconf 82' lang='lat' dir='ltr'>dixit,</span> <span class='ocrx_word' id='word_1_33' title='bbox 373 307 424 339; x_wconf 84' lang='lat' dir='ltr'>ita</span> <span class='ocrx_word' id='word_1_34' title='bbox 441 310 511 340; x_wconf 87' lang='lat' dir='ltr'>est:</span> <span class='ocrx_word' id='word_1_35' title='bbox 537 307 685 350; x_wconf 78' lang='lat' dir='ltr'>assigna,</span> <span class='ocrx_word' id='word_1_36' title='bbox 703 307 831 349; x_wconf 83' lang='lat' dir='ltr'>Marce,</span> <span class='ocrx_word' id='word_1_37' title='bbox 849 305 1008 339; x_wconf 83' lang='lat' dir='ltr'>tabellas.</span> 
     </span>
     <span class='ocr_line' id='line_1_7' title="bbox 96 351 985 396; baseline 0.002 -12"><span class='ocrx_word' id='word_1_38' title='bbox 96 352 115 368; x_wconf 89' lang='lat'>“</span> <span class='ocrx_word' id='word_1_39' title='bbox 130 351 216 385; x_wconf 84' lang='lat' dir='ltr'>Haec</span> <span class='ocrx_word' id='word_1_40' title='bbox 232 363 327 385; x_wconf 80' lang='lat' dir='ltr'>mera</span> <span class='ocrx_word' id='word_1_41' title='bbox 343 352 503 387; x_wconf 79' lang='lat' dir='ltr'>libertas!</span> <span class='ocrx_word' id='word_1_42' title='bbox 530 352 594 385; x_wconf 90' lang='lat' dir='ltr'>hoc</span> <span class='ocrx_word' id='word_1_43' title='bbox 612 352 708 385; x_wconf 87' lang='lat' dir='ltr'>nobis</span> <span class='ocrx_word' id='word_1_44' title='bbox 726 352 817 396; x_wconf 80' lang='lat' dir='ltr'>pilea</span> <span class='ocrx_word' id='word_1_45' title='bbox 835 351 985 386; x_wconf 81' lang='lat' dir='ltr'>donant!</span> 
     </span>
     <span class='ocr_line' id='line_1_8' title="bbox 96 397 1002 441; baseline -0.001 -11"><span class='ocrx_word' id='word_1_46' title='bbox 96 397 153 430; x_wconf 92' lang='lat' dir='ltr'>An</span> <span class='ocrx_word' id='word_1_47' title='bbox 171 398 356 441; x_wconf 85' lang='lat' dir='ltr'>quisquam</span> <span class='ocrx_word' id='word_1_48' title='bbox 374 401 425 431; x_wconf 90' lang='lat' dir='ltr'>est</span> <span class='ocrx_word' id='word_1_49' title='bbox 443 398 532 431; x_wconf 87' lang='lat' dir='ltr'>alius</span> <span class='ocrx_word' id='word_1_50' title='bbox 551 398 647 441; x_wconf 82' lang='lat' dir='ltr'>liber,</span> <span class='ocrx_word' id='word_1_51' title='bbox 664 399 732 431; x_wconf 88' lang='lat' dir='ltr'>nisi</span> <span class='ocrx_word' id='word_1_52' title='bbox 750 398 874 430; x_wconf 83' lang='lat' dir='ltr'>ducere</span> <span class='ocrx_word' id='word_1_53' title='bbox 890 398 1002 430; x_wconf 81' lang='lat' dir='ltr'>vitam</span> 
     </span>
     <span class='ocr_line' id='line_1_9' title="bbox 97 443 1100 480; baseline 0.001 -5"><span class='ocrx_word' id='word_1_54' title='bbox 97 443 162 476; x_wconf 83' lang='lat' dir='ltr'>Cui</span> <span class='ocrx_word' id='word_1_55' title='bbox 178 443 270 480; x_wconf 82' lang='lat' dir='ltr'>licet,</span> <span class='ocrx_word' id='word_1_56' title='bbox 288 448 328 476; x_wconf 90' lang='lat' dir='ltr'>ut</span> <span class='ocrx_word' id='word_1_57' title='bbox 344 443 479 477; x_wconf 69' lang='lat' dir='ltr'>voluit?</span> <span class='ocrx_word' id='word_1_58' title='bbox 504 444 587 476; x_wconf 85' lang='lat' dir='ltr'>licet</span> <span class='ocrx_word' id='word_1_59' title='bbox 604 449 645 477; x_wconf 90' lang='lat' dir='ltr'>ut</span> <span class='ocrx_word' id='word_1_60' title='bbox 662 444 738 477; x_wconf 90' lang='lat' dir='ltr'>volo</span> <span class='ocrx_word' id='word_1_61' title='bbox 756 444 887 477; x_wconf 85' lang='lat' dir='ltr'>vivere:</span> <span class='ocrx_word' id='word_1_62' title='bbox 914 454 984 476; x_wconf 85' lang='lat' dir='ltr'>non</span> <span class='ocrx_word' id='word_1_63' title='bbox 1001 451 1100 476; x_wconf 79' lang='lat' dir='ltr'>sumn</span> 
     </span>
     <span class='ocr_line' id='line_1_10' title="bbox 96 488 919 532; baseline -0.001 -10"><span class='ocrx_word' id='word_1_64' title='bbox 96 488 251 522; x_wconf 77' lang='lat' dir='ltr'>Liberior</span> <span class='ocrx_word' id='word_1_65' title='bbox 268 489 426 522; x_wconf 57' lang='lat' dir='ltr'>BrutoP’</span> <span class='ocrx_word' id='word_1_66' title='bbox 460 489 625 522; x_wconf 86' lang='lat' dir='ltr'>Mendose</span> <span class='ocrx_word' id='word_1_67' title='bbox 643 489 786 532; x_wconf 80' lang='lat' dir='ltr'>colligis,</span> <span class='ocrx_word' id='word_1_68' title='bbox 803 489 919 532; x_wconf 86' lang='lat' dir='ltr'>inquit</span> 
     </span>
     <span class='ocr_line' id='line_1_11' title="bbox 97 534 1043 576; baseline 0.001 -9"><span class='ocrx_word' id='word_1_69' title='bbox 97 534 234 567; x_wconf 87' lang='lat' dir='ltr'>Stoicus</span> <span class='ocrx_word' id='word_1_70' title='bbox 252 535 309 567; x_wconf 91' lang='lat' dir='ltr'>hic</span> <span class='ocrx_word' id='word_1_71' title='bbox 326 546 446 568; x_wconf 85' lang='lat' dir='ltr'>aurem</span> <span class='ocrx_word' id='word_1_72' title='bbox 461 535 615 568; x_wconf 85' lang='lat' dir='ltr'>mordaci</span> <span class='ocrx_word' id='word_1_73' title='bbox 632 535 722 568; x_wconf 87' lang='lat' dir='ltr'>lotus</span> <span class='ocrx_word' id='word_1_74' title='bbox 740 539 857 574; x_wconf 86' lang='lat' dir='ltr'>aceto;</span> <span class='ocrx_word' id='word_1_75' title='bbox 1040 574 1043 576; x_wconf 18' lang='lat' dir='ltr'>q</span> 
     </span>
     <span class='ocr_line' id='line_1_12' title="bbox 98 580 1001 624; baseline 0.002 -12"><span class='ocrx_word' id='word_1_76' title='bbox 98 580 186 623; x_wconf 87' lang='lat' dir='ltr'>Hoc,</span> <span class='ocrx_word' id='word_1_77' title='bbox 203 580 336 624; x_wconf 84' lang='lat' dir='ltr'>reliqua</span> <span class='ocrx_word' id='word_1_78' title='bbox 354 581 496 624; x_wconf 85' lang='lat' dir='ltr'>accipio,</span> <span class='ocrx_word' id='word_1_79' title='bbox 513 580 589 615; x_wconf 75' lang='lat' dir='ltr'>licet</span> <span class='ocrx_word' id='word_1_80' title='bbox 605 587 644 614; x_wconf 81' lang='lat' dir='ltr'>ut</span> <span class='ocrx_word' id='word_1_81' title='bbox 660 580 732 614; x_wconf 75' lang='lat' dir='ltr'>volo</span> <span class='ocrx_word' id='word_1_82' title='bbox 750 580 869 623; x_wconf 75' lang='lat' dir='ltr'>vivere,</span> <span class='ocrx_word' id='word_1_83' title='bbox 887 580 970 613; x_wconf 87' lang='lat' dir='ltr'>tolle</span> <span class='ocrx_word' id='word_1_84' title='bbox 979 588 1001 614; x_wconf 88' lang='lat'>⁰.</span> 
     </span>
     <span class='ocr_line' id='line_1_13' title="bbox 99 625 963 670; baseline 0 -12"><span class='ocrx_word' id='word_1_85' title='bbox 99 625 297 659; x_wconf 82' lang='lat' dir='ltr'>“Vindicta</span> <span class='ocrx_word' id='word_1_86' title='bbox 314 630 498 670; x_wconf 84' lang='lat' dir='ltr'>postquam</span> <span class='ocrx_word' id='word_1_87' title='bbox 514 638 611 660; x_wconf 91' lang='lat' dir='ltr'>meus</span> <span class='ocrx_word' id='word_1_88' title='bbox 629 638 649 659; x_wconf 83' lang='lat' dir='ltr'>a</span> <span class='ocrx_word' id='word_1_89' title='bbox 666 631 811 670; x_wconf 84' lang='lat' dir='ltr'>praetore</span> <span class='ocrx_word' id='word_1_90' title='bbox 828 626 963 668; x_wconf 83' lang='lat' dir='ltr'>recessi,</span> 
     </span>
     <span class='ocr_line' id='line_1_14' title="bbox 99 671 1034 716; baseline 0 -12"><span class='ocrx_word' id='word_1_91' title='bbox 99 671 167 704; x_wconf 85' lang='lat' dir='ltr'>Cur</span> <span class='ocrx_word' id='word_1_92' title='bbox 183 671 271 704; x_wconf 90' lang='lat' dir='ltr'>mihi</span> <span class='ocrx_word' id='word_1_93' title='bbox 287 683 357 704; x_wconf 87' lang='lat' dir='ltr'>non</span> <span class='ocrx_word' id='word_1_94' title='bbox 374 672 478 705; x_wconf 80' lang='lat' dir='ltr'>liceat</span> <span class='ocrx_word' id='word_1_95' title='bbox 491 673 597 716; x_wconf 87' lang='lat' dir='ltr'>jussit</span> <span class='ocrx_word' id='word_1_96' title='bbox 615 673 845 716; x_wconf 85' lang='lat' dir='ltr'>quodcunque</span> <span class='ocrx_word' id='word_1_97' title='bbox 862 671 1034 714; x_wconf 78' lang='lat' dir='ltr'>voluntas,</span> 
     </span>
     <span class='ocr_line' id='line_1_15' title="bbox 98 716 914 761; baseline 0 -11"><span class='ocrx_word' id='word_1_98' title='bbox 98 716 256 761; x_wconf 86' lang='lat' dir='ltr'>Excepto</span> <span class='ocrx_word' id='word_1_99' title='bbox 274 718 302 750; x_wconf 91' lang='lat' dir='ltr'>si</span> <span class='ocrx_word' id='word_1_100' title='bbox 319 717 404 760; x_wconf 91' lang='lat' dir='ltr'>quid</span> <span class='ocrx_word' id='word_1_101' title='bbox 422 718 557 750; x_wconf 79' lang='lat' dir='ltr'>Masuri</span> <span class='ocrx_word' id='word_1_102' title='bbox 573 718 712 751; x_wconf 76' lang='lat' dir='ltr'>rubrica</span> <span class='ocrx_word' id='word_1_103' title='bbox 729 717 914 751; x_wconf 76' lang='lat' dir='ltr'>vetavit2”</span> 
     </span>
    </p>

    <p class='ocr_par' dir='ltr' id='par_1_3' title="bbox 97 763 1114 1720">
     <span class='ocr_line' id='line_1_16' title="bbox 145 763 972 807; baseline 0 -11"><span class='ocrx_word' id='word_1_104' title='bbox 145 763 259 805; x_wconf 84' lang='lat' dir='ltr'>Disce,</span> <span class='ocrx_word' id='word_1_105' title='bbox 278 763 337 796; x_wconf 86' lang='lat' dir='ltr'>sed</span> <span class='ocrx_word' id='word_1_106' title='bbox 354 763 406 796; x_wconf 78' lang='lat' dir='ltr'>ira</span> <span class='ocrx_word' id='word_1_107' title='bbox 423 764 526 796; x_wconf 81' lang='lat' dir='ltr'>cadat</span> <span class='ocrx_word' id='word_1_108' title='bbox 542 775 626 796; x_wconf 83' lang='lat' dir='ltr'>naso</span> <span class='ocrx_word' id='word_1_109' title='bbox 642 775 836 807; x_wconf 80' lang='lat' dir='ltr'>rugosaque</span> <span class='ocrx_word' id='word_1_110' title='bbox 854 774 972 806; x_wconf 82' lang='lat' dir='ltr'>sanna,</span> 
     </span>
     <span class='ocr_line' id='line_1_17' title="bbox 97 807 930 852; baseline 0.001 -11"><span class='ocrx_word' id='word_1_111' title='bbox 97 807 193 841; x_wconf 87' lang='lat' dir='ltr'>Dum</span> <span class='ocrx_word' id='word_1_112' title='bbox 210 813 342 842; x_wconf 85' lang='lat' dir='ltr'>veteres</span> <span class='ocrx_word' id='word_1_113' title='bbox 359 809 454 841; x_wconf 81' lang='lat' dir='ltr'>avias</span> <span class='ocrx_word' id='word_1_114' title='bbox 472 809 537 842; x_wconf 88' lang='lat' dir='ltr'>tibi</span> <span class='ocrx_word' id='word_1_115' title='bbox 554 809 596 842; x_wconf 89' lang='lat' dir='ltr'>de</span> <span class='ocrx_word' id='word_1_116' title='bbox 613 810 777 852; x_wconf 85' lang='lat' dir='ltr'>pulmone</span> <span class='ocrx_word' id='word_1_117' title='bbox 794 809 930 842; x_wconf 72' lang='lat' dir='ltr'>revello.</span> 
     </span>
     <span class='ocr_line' id='line_1_18' title="bbox 98 854 947 898; baseline 0 -11"><span class='ocrx_word' id='word_1_118' title='bbox 98 854 178 887; x_wconf 87' lang='lat' dir='ltr'>Non</span> <span class='ocrx_word' id='word_1_119' title='bbox 195 854 351 898; x_wconf 87' lang='lat' dir='ltr'>praetoris</span> <span class='ocrx_word' id='word_1_120' title='bbox 370 859 443 887; x_wconf 76' lang='lat' dir='ltr'>erat</span> <span class='ocrx_word' id='word_1_121' title='bbox 461 855 578 887; x_wconf 87' lang='lat' dir='ltr'>stultis</span> <span class='ocrx_word' id='word_1_122' title='bbox 596 855 678 888; x_wconf 83' lang='lat' dir='ltr'>dare</span> <span class='ocrx_word' id='word_1_123' title='bbox 695 855 815 888; x_wconf 80' lang='lat' dir='ltr'>tenuia</span> <span class='ocrx_word' id='word_1_124' title='bbox 830 866 947 887; x_wconf 86' lang='lat' dir='ltr'>rerum</span> 
     </span>
     <span class='ocr_line' id='line_1_19' title="bbox 100 900 948 944; baseline 0.001 -12"><span class='ocrx_word' id='word_1_125' title='bbox 100 900 230 942; x_wconf 86' lang='lat' dir='ltr'>Officia,</span> <span class='ocrx_word' id='word_1_126' title='bbox 249 904 354 943; x_wconf 82' lang='lat' dir='ltr'>atque</span> <span class='ocrx_word' id='word_1_127' title='bbox 372 911 474 932; x_wconf 88' lang='lat' dir='ltr'>usum</span> <span class='ocrx_word' id='word_1_128' title='bbox 491 901 621 943; x_wconf 80' lang='lat' dir='ltr'>rapidae</span> <span class='ocrx_word' id='word_1_129' title='bbox 638 901 839 944; x_wconf 73' lang='lat' dir='ltr'>permittere</span> <span class='ocrx_word' id='word_1_130' title='bbox 856 901 948 933; x_wconf 86' lang='lat' dir='ltr'>vitae.</span> 
     </span>
     <span class='ocr_line' id='line_1_20' title="bbox 100 945 842 990; baseline 0.001 -12"><span class='ocrx_word' id='word_1_131' title='bbox 100 945 307 978; x_wconf 72' lang='lat' dir='ltr'>sambucam</span> <span class='ocrx_word' id='word_1_132' title='bbox 324 945 428 978; x_wconf 87' lang='lat' dir='ltr'>citius</span> <span class='ocrx_word' id='word_1_133' title='bbox 445 946 557 978; x_wconf 78' lang='lat' dir='ltr'>caloni</span> <span class='ocrx_word' id='word_1_134' title='bbox 572 947 744 990; x_wconf 74' lang='lat' dir='ltr'>aptaveris</span> <span class='ocrx_word' id='word_1_135' title='bbox 761 946 842 979; x_wconf 82' lang='lat' dir='ltr'>alto.</span> 
     </span>
     <span class='ocr_line' id='line_1_21' title="bbox 100 991 1025 1035; baseline 0 -11"><span class='ocrx_word' id='word_1_136' title='bbox 100 991 179 1024; x_wconf 81' lang='lat' dir='ltr'>Stat</span> <span class='ocrx_word' id='word_1_137' title='bbox 197 995 317 1024; x_wconf 80' lang='lat' dir='ltr'>contra</span> <span class='ocrx_word' id='word_1_138' title='bbox 334 992 423 1024; x_wconf 85' lang='lat' dir='ltr'>ratio</span> <span class='ocrx_word' id='word_1_139' title='bbox 441 996 475 1024; x_wconf 86' lang='lat' dir='ltr'>et</span> <span class='ocrx_word' id='word_1_140' title='bbox 493 996 659 1025; x_wconf 78' lang='lat' dir='ltr'>secretam</span> <span class='ocrx_word' id='word_1_141' title='bbox 677 992 824 1035; x_wconf 73' lang='lat' dir='ltr'>gannitp</span> <span class='ocrx_word' id='word_1_142' title='bbox 842 992 879 1024; x_wconf 89' lang='lat' dir='ltr'>in</span> <span class='ocrx_word' id='word_1_143' title='bbox 896 1003 1025 1034; x_wconf 82' lang='lat' dir='ltr'>aurem,</span> 
     </span>
     <span class='ocr_line' id='line_1_22' title="bbox 99 1037 989 1081; baseline 0.001 -11"><span class='ocrx_word' id='word_1_144' title='bbox 99 1037 153 1070; x_wconf 89' lang='lat' dir='ltr'>Ne</span> <span class='ocrx_word' id='word_1_145' title='bbox 171 1037 275 1070; x_wconf 84' lang='lat' dir='ltr'>liceat</span> <span class='ocrx_word' id='word_1_146' title='bbox 291 1037 404 1070; x_wconf 77' lang='lat' dir='ltr'>faeere</span> <span class='ocrx_word' id='word_1_147' title='bbox 422 1037 467 1079; x_wconf 85' lang='lat' dir='ltr'>id,</span> <span class='ocrx_word' id='word_1_148' title='bbox 486 1038 577 1081; x_wconf 88' lang='lat' dir='ltr'>quod</span> <span class='ocrx_word' id='word_1_149' title='bbox 596 1038 670 1081; x_wconf 88' lang='lat' dir='ltr'>quis</span> <span class='ocrx_word' id='word_1_150' title='bbox 688 1038 828 1071; x_wconf 79' lang='lat' dir='ltr'>vitiabit</span> <span class='ocrx_word' id='word_1_151' title='bbox 846 1038 989 1081; x_wconf 80' lang='lat' dir='ltr'>agendo.</span> 
     </span>
     <span class='ocr_line' id='line_1_23' title="bbox 100 1081 1068 1127; baseline 0.001 -12"><span class='ocrx_word' id='word_1_152' title='bbox 100 1081 247 1116; x_wconf 82' lang='lat' dir='ltr'>Publica</span> <span class='ocrx_word' id='word_1_153' title='bbox 264 1083 321 1115; x_wconf 77' lang='lat' dir='ltr'>lex</span> <span class='ocrx_word' id='word_1_154' title='bbox 339 1083 522 1116; x_wconf 85' lang='lat' dir='ltr'>hominum</span> <span class='ocrx_word' id='word_1_155' title='bbox 539 1087 734 1127; x_wconf 79' lang='lat' dir='ltr'>naturaque</span> <span class='ocrx_word' id='word_1_156' title='bbox 751 1084 906 1116; x_wconf 83' lang='lat' dir='ltr'>continet</span> <span class='ocrx_word' id='word_1_157' title='bbox 924 1083 988 1116; x_wconf 83' lang='lat' dir='ltr'>hoc</span> <span class='ocrx_word' id='word_1_158' title='bbox 1004 1083 1068 1127; x_wconf 80' lang='lat' dir='ltr'>fas,</span> 
     </span>
     <span class='ocr_line' id='line_1_24' title="bbox 100 1128 850 1163; baseline 0 -2"><span class='ocrx_word' id='word_1_159' title='bbox 100 1128 149 1161; x_wconf 90' lang='lat' dir='ltr'>Ut</span> <span class='ocrx_word' id='word_1_160' title='bbox 167 1132 285 1161; x_wconf 81' lang='lat' dir='ltr'>teneat</span> <span class='ocrx_word' id='word_1_161' title='bbox 303 1129 429 1162; x_wconf 88' lang='lat' dir='ltr'>vetitos</span> <span class='ocrx_word' id='word_1_162' title='bbox 446 1129 586 1162; x_wconf 85' lang='lat' dir='ltr'>inscitia</span> <span class='ocrx_word' id='word_1_163' title='bbox 603 1129 726 1162; x_wconf 86' lang='lat' dir='ltr'>debilis</span> <span class='ocrx_word' id='word_1_164' title='bbox 743 1134 850 1163; x_wconf 70' lang='lat' dir='ltr'>actus</span> 
     </span>
     <span class='ocr_line' id='line_1_25' title="bbox 103 1174 936 1221; baseline 0.006 -15"><span class='ocrx_word' id='word_1_165' title='bbox 103 1174 218 1207; x_wconf 89' lang='lat' dir='ltr'>Diluis</span> <span class='ocrx_word' id='word_1_166' title='bbox 236 1175 450 1208; x_wconf 83' lang='lat' dir='ltr'>helleborum</span> <span class='ocrx_word' id='word_1_167' title='bbox 467 1185 559 1209; x_wconf 86' lang='lat' dir='ltr'>certo</span> <span class='ocrx_word' id='word_1_168' title='bbox 577 1188 789 1220; x_wconf 82' lang='lat' dir='ltr'>compescere</span> <span class='ocrx_word' id='word_1_169' title='bbox 806 1182 936 1221; x_wconf 84' lang='lat' dir='ltr'>puncto</span> 
     </span>
     <span class='ocr_line' id='line_1_26' title="bbox 104 1220 965 1258; baseline 0.006 -6"><span class='ocrx_word' id='word_1_170' title='bbox 104 1220 249 1253; x_wconf 84' lang='lat' dir='ltr'>Nescius</span> <span class='ocrx_word' id='word_1_171' title='bbox 266 1231 412 1254; x_wconf 81' lang='lat' dir='ltr'>examen</span> <span class='ocrx_word' id='word_1_172' title='bbox 427 1232 433 1254; x_wconf 91' lang='lat'>:</span> <span class='ocrx_word' id='word_1_173' title='bbox 459 1225 554 1254; x_wconf 78' lang='lat' dir='ltr'>vetat</span> <span class='ocrx_word' id='word_1_174' title='bbox 572 1221 635 1255; x_wconf 91' lang='lat' dir='ltr'>hoc</span> <span class='ocrx_word' id='word_1_175' title='bbox 652 1227 779 1255; x_wconf 80' lang='lat' dir='ltr'>natura</span> <span class='ocrx_word' id='word_1_176' title='bbox 795 1224 965 1258; x_wconf 86' lang='lat' dir='ltr'>medendi.</span> 
     </span>
     <span class='ocr_line' id='line_1_27' title="bbox 100 1263 836 1309; baseline 0.001 -12"><span class='ocrx_word' id='word_1_177' title='bbox 100 1263 234 1298; x_wconf 84' lang='lat' dir='ltr'>Navem</span> <span class='ocrx_word' id='word_1_178' title='bbox 253 1265 280 1297; x_wconf 94' lang='lat' dir='ltr'>si</span> <span class='ocrx_word' id='word_1_179' title='bbox 298 1269 417 1308; x_wconf 85' lang='lat' dir='ltr'>poscat</span> <span class='ocrx_word' id='word_1_180' title='bbox 435 1266 498 1298; x_wconf 83' lang='lat' dir='ltr'>sibi</span> <span class='ocrx_word' id='word_1_181' title='bbox 516 1269 702 1309; x_wconf 80' lang='lat' dir='ltr'>peronatus</span> <span class='ocrx_word' id='word_1_182' title='bbox 720 1270 836 1299; x_wconf 82' lang='lat' dir='ltr'>arator</span> 
     </span>
     <span class='ocr_line' id='line_1_28' title="bbox 100 1309 910 1355; baseline 0.002 -13"><span class='ocrx_word' id='word_1_183' title='bbox 100 1309 254 1343; x_wconf 86' lang='lat' dir='ltr'>Luciferi</span> <span class='ocrx_word' id='word_1_184' title='bbox 270 1311 375 1352; x_wconf 82' lang='lat' dir='ltr'>rudis,</span> <span class='ocrx_word' id='word_1_185' title='bbox 394 1311 566 1344; x_wconf 84' lang='lat' dir='ltr'>exclamet</span> <span class='ocrx_word' id='word_1_186' title='bbox 584 1311 765 1345; x_wconf 83' lang='lat' dir='ltr'>Melicerta</span> <span class='ocrx_word' id='word_1_187' title='bbox 782 1312 910 1355; x_wconf 87' lang='lat' dir='ltr'>perisse</span> 
     </span>
     <span class='ocr_line' id='line_1_29' title="bbox 102 1355 887 1390; baseline 0.003 -2"><span class='ocrx_word' id='word_1_188' title='bbox 102 1355 266 1389; x_wconf 85' lang='lat' dir='ltr'>Frontem</span> <span class='ocrx_word' id='word_1_189' title='bbox 285 1356 327 1388; x_wconf 88' lang='lat' dir='ltr'>de</span> <span class='ocrx_word' id='word_1_190' title='bbox 344 1356 463 1389; x_wconf 84' lang='lat' dir='ltr'>rebus:</span> <span class='ocrx_word' id='word_1_191' title='bbox 489 1357 554 1389; x_wconf 91' lang='lat' dir='ltr'>tibi</span> <span class='ocrx_word' id='word_1_192' title='bbox 571 1361 665 1390; x_wconf 88' lang='lat' dir='ltr'>recto</span> <span class='ocrx_word' id='word_1_193' title='bbox 683 1358 798 1390; x_wconf 83' lang='lat' dir='ltr'>vivere</span> <span class='ocrx_word' id='word_1_194' title='bbox 816 1358 887 1390; x_wconf 81' lang='lat' dir='ltr'>talo</span> 
     </span>
     <span class='ocr_line' id='line_1_30' title="bbox 100 1401 968 1446; baseline 0.003 -13"><span class='ocrx_word' id='word_1_195' title='bbox 100 1401 167 1434; x_wconf 90' lang='lat' dir='ltr'>Ars</span> <span class='ocrx_word' id='word_1_196' title='bbox 185 1402 305 1435; x_wconf 68' lang='lat' dir='ltr'>dedit?</span> <span class='ocrx_word' id='word_1_197' title='bbox 331 1406 366 1434; x_wconf 88' lang='lat' dir='ltr'>et</span> <span class='ocrx_word' id='word_1_198' title='bbox 383 1402 454 1434; x_wconf 88' lang='lat' dir='ltr'>veri</span> <span class='ocrx_word' id='word_1_199' title='bbox 473 1403 621 1446; x_wconf 85' lang='lat' dir='ltr'>speciem</span> <span class='ocrx_word' id='word_1_200' title='bbox 639 1403 838 1445; x_wconf 80' lang='lat' dir='ltr'>dignoscere</span> <span class='ocrx_word' id='word_1_201' title='bbox 856 1403 968 1446; x_wconf 81' lang='lat' dir='ltr'>calles,</span> 
     </span>
     <span class='ocr_line' id='line_1_31' title="bbox 100 1446 922 1491; baseline 0.002 -11"><span class='ocrx_word' id='word_1_202' title='bbox 100 1446 154 1480; x_wconf 91' lang='lat' dir='ltr'>Ne</span> <span class='ocrx_word' id='word_1_203' title='bbox 172 1459 240 1491; x_wconf 87' lang='lat' dir='ltr'>qua</span> <span class='ocrx_word' id='word_1_204' title='bbox 257 1448 428 1480; x_wconf 78' lang='lat' dir='ltr'>subaerato</span> <span class='ocrx_word' id='word_1_205' title='bbox 445 1449 649 1481; x_wconf 80' lang='lat' dir='ltr'>mendosum</span> <span class='ocrx_word' id='word_1_206' title='bbox 667 1449 798 1482; x_wconf 76' lang='lat' dir='ltr'>tinniat</span> <span class='ocrx_word' id='word_1_207' title='bbox 815 1461 899 1482; x_wconf 79' lang='lat' dir='ltr'>auro</span> <span class='ocrx_word' id='word_1_208' title='bbox 910 1449 922 1482; x_wconf 74' lang='lat'><em>2</em></span> 
     </span>
     <span class='ocr_line' id='line_1_32' title="bbox 102 1493 1114 1538; baseline 0.002 -13"><span class='ocrx_word' id='word_1_209' title='bbox 102 1493 258 1536; x_wconf 81' lang='lat' dir='ltr'>Quaeque</span> <span class='ocrx_word' id='word_1_210' title='bbox 276 1494 450 1536; x_wconf 80' lang='lat' dir='ltr'>sequenda</span> <span class='ocrx_word' id='word_1_211' title='bbox 467 1495 590 1536; x_wconf 83' lang='lat' dir='ltr'>forent,</span> <span class='ocrx_word' id='word_1_212' title='bbox 609 1505 754 1538; x_wconf 85' lang='lat' dir='ltr'>quaeque</span> <span class='ocrx_word' id='word_1_213' title='bbox 772 1495 936 1528; x_wconf 81' lang='lat' dir='ltr'>evitanda.</span> <span class='ocrx_word' id='word_1_214' title='bbox 953 1494 1114 1537; x_wconf 84' lang='lat' dir='ltr'>vicissim,</span> 
     </span>
     <span class='ocr_line' id='line_1_33' title="bbox 102 1538 930 1582; baseline 0.004 -12"><span class='ocrx_word' id='word_1_215' title='bbox 102 1538 173 1571; x_wconf 81' lang='lat' dir='ltr'>Illa</span> <span class='ocrx_word' id='word_1_216' title='bbox 189 1539 284 1582; x_wconf 87' lang='lat' dir='ltr'>prius</span> <span class='ocrx_word' id='word_1_217' title='bbox 302 1544 406 1580; x_wconf 82' lang='lat' dir='ltr'>creta,</span> <span class='ocrx_word' id='word_1_218' title='bbox 423 1551 505 1572; x_wconf 78' lang='lat' dir='ltr'>mox</span> <span class='ocrx_word' id='word_1_219' title='bbox 522 1540 596 1573; x_wconf 84' lang='lat' dir='ltr'>haec</span> <span class='ocrx_word' id='word_1_220' title='bbox 614 1541 760 1573; x_wconf 83' lang='lat' dir='ltr'>carbone</span> <span class='ocrx_word' id='word_1_221' title='bbox 777 1540 930 1573; x_wconf 68' lang='lat' dir='ltr'>notasti?</span> 
     </span>
     <span class='ocr_line' id='line_1_34' title="bbox 101 1583 949 1628; baseline 0.004 -12"><span class='ocrx_word' id='word_1_222' title='bbox 101 1583 149 1617; x_wconf 84' lang='lat' dir='ltr'>Es</span> <span class='ocrx_word' id='word_1_223' title='bbox 165 1584 322 1617; x_wconf 85' lang='lat' dir='ltr'>modicus</span> <span class='ocrx_word' id='word_1_224' title='bbox 340 1585 421 1627; x_wconf 84' lang='lat' dir='ltr'>voti,</span> <span class='ocrx_word' id='word_1_225' title='bbox 440 1597 555 1628; x_wconf 78' lang='lat' dir='ltr'>presso</span> <span class='ocrx_word' id='word_1_226' title='bbox 572 1586 654 1627; x_wconf 84' lang='lat' dir='ltr'>lare,</span> <span class='ocrx_word' id='word_1_227' title='bbox 673 1586 783 1618; x_wconf 83' lang='lat' dir='ltr'>dulcis</span> <span class='ocrx_word' id='word_1_228' title='bbox 801 1586 921 1619; x_wconf 84' lang='lat' dir='ltr'>amicis</span> <span class='ocrx_word' id='word_1_229' title='bbox 937 1588 949 1622; x_wconf 71' lang='lat' dir='ltr'>Z</span> 
     </span>
     <span class='ocr_line' id='line_1_35' title="bbox 101 1629 1009 1675; baseline 0.004 -14"><span class='ocrx_word' id='word_1_230' title='bbox 101 1629 186 1662; x_wconf 78' lang='lat' dir='ltr'>Jam</span> <span class='ocrx_word' id='word_1_231' title='bbox 203 1641 296 1662; x_wconf 86' lang='lat' dir='ltr'>nunc</span> <span class='ocrx_word' id='word_1_232' title='bbox 314 1631 497 1674; x_wconf 77' lang='lat' dir='ltr'>astringas,</span> <span class='ocrx_word' id='word_1_233' title='bbox 509 1633 585 1674; x_wconf 85' lang='lat' dir='ltr'>jam</span> <span class='ocrx_word' id='word_1_234' title='bbox 602 1643 696 1664; x_wconf 88' lang='lat' dir='ltr'>nunc</span> <span class='ocrx_word' id='word_1_235' title='bbox 713 1632 874 1675; x_wconf 80' lang='lat' dir='ltr'>granaria</span> <span class='ocrx_word' id='word_1_236' title='bbox 891 1632 987 1665; x_wconf 84' lang='lat' dir='ltr'>laxes</span> <span class='ocrx_word' id='word_1_237' title='bbox 1003 1642 1009 1664; x_wconf 91' lang='lat'>:</span> 
     </span>
     <span class='ocr_line' id='line_1_36' title="bbox 103 1674 1029 1720; baseline 0.003 -13"><span class='ocrx_word' id='word_1_238' title='bbox 103 1674 215 1718; x_wconf 88' lang='lat' dir='ltr'>Inque</span> <span class='ocrx_word' id='word_1_239' title='bbox 232 1675 306 1708; x_wconf 88' lang='lat' dir='ltr'>luto</span> <span class='ocrx_word' id='word_1_240' title='bbox 323 1676 434 1709; x_wconf 78' lang='lat' dir='ltr'>fixum</span> <span class='ocrx_word' id='word_1_241' title='bbox 452 1677 559 1720; x_wconf 85' lang='lat' dir='ltr'>possis</span> <span class='ocrx_word' id='word_1_242' title='bbox 577 1677 818 1710; x_wconf 78' lang='lat' dir='ltr'>transcendere</span> <span class='ocrx_word' id='word_1_243' title='bbox 835 1689 1029 1719; x_wconf 83' lang='lat' dir='ltr'>nummum,</span> 
     </span>
    </p>
   </div>
   <div class='ocr_carea' id='block_1_3' title="bbox 141 1739 1131 1774">
    <p class='ocr_par' dir='ltr' id='par_1_4' title="bbox 141 1739 1131 1774">
     <span class='ocr_line' id='line_1_37' title="bbox 141 1739 1131 1774; baseline 0.002 -10"><span class='ocrx_word' id='word_1_244' title='bbox 141 1742 153 1754; x_wconf 86' lang='lat'>¹¹</span> <span class='ocrx_word' id='word_1_245' title='bbox 172 1739 224 1764; x_wconf 82' lang='lat' dir='ltr'>sim</span> <span class='ocrx_word' id='word_1_246' title='bbox 299 1743 310 1755; x_wconf 81' lang='lat'><strong>⁰</strong></span> <span class='ocrx_word' id='word_1_247' title='bbox 329 1741 465 1773; x_wconf 85' lang='lat' dir='ltr'>reliquum</span> <span class='ocrx_word' id='word_1_248' title='bbox 498 1741 562 1766; x_wconf 82' lang='lat' dir='ltr'>licet</span> <span class='ocrx_word' id='word_1_249' title='bbox 575 1742 643 1766; x_wconf 86' lang='lat' dir='ltr'>illud</span> <span class='ocrx_word' id='word_1_250' title='bbox 656 1745 680 1766; x_wconf 83' lang='lat' dir='ltr'>et</span> <span class='ocrx_word' id='word_1_251' title='bbox 694 1745 724 1766; x_wconf 89' lang='lat' dir='ltr'>ut</span> <span class='ocrx_word' id='word_1_252' title='bbox 736 1742 798 1767; x_wconf 87' lang='lat' dir='ltr'>volo</span> <span class='ocrx_word' id='word_1_253' title='bbox 810 1760 816 1766; x_wconf 92' lang='lat'><strong>.</strong></span> <span class='ocrx_word' id='word_1_254' title='bbox 833 1760 838 1766; x_wconf 93' lang='lat'>.</span> <span class='ocrx_word' id='word_1_255' title='bbox 853 1760 858 1766; x_wconf 95' lang='lat'>.</span> <span class='ocrx_word' id='word_1_256' title='bbox 873 1742 939 1766; x_wconf 76' lang='lat' dir='ltr'>tolle</span> <span class='ocrx_word' id='word_1_257' title='bbox 1013 1745 1025 1762; x_wconf 71' lang='grc' dir='ltr'><strong>Ρ</strong></span> <span class='ocrx_word' id='word_1_258' title='bbox 1046 1742 1131 1774; x_wconf 82' lang='lat' dir='ltr'>garrit</span> 
     </span>
    </p>
   </div>
   <div class='ocr_carea' id='block_1_4' title="bbox 1173 261 1218 293">
    <p class='ocr_par' dir='ltr' id='par_1_5' title="bbox 1173 261 1218 293">
     <span class='ocr_line' id='line_1_38' title="bbox 1173 261 1218 293; baseline 0 0"><span class='ocrx_word' id='word_1_259' title='bbox 1173 261 1218 293; x_wconf 88' lang='lat'>80</span> 
     </span>
    </p>
   </div>
   <div class='ocr_carea' id='block_1_5' title="bbox 1175 718 1220 750">
    <p class='ocr_par' dir='ltr' id='par_1_6' title="bbox 1175 718 1220 750">
     <span class='ocr_line' id='line_1_39' title="bbox 1175 718 1220 750; baseline -0.022 0"><span class='ocrx_word' id='word_1_260' title='bbox 1175 718 1220 750; x_wconf 84' lang='lat'>90</span> 
     </span>
    </p>
   </div>
   <div class='ocr_carea' id='block_1_6' title="bbox 1155 1177 1221 1208">
    <p class='ocr_par' dir='ltr' id='par_1_7' title="bbox 1155 1177 1221 1208">
     <span class='ocr_line' id='line_1_40' title="bbox 1155 1177 1221 1208; baseline 0 0"><span class='ocrx_word' id='word_1_261' title='bbox 1155 1177 1221 1208; x_wconf 90' lang='grc'>100</span> 
     </span>
    </p>
   </div>
   <div class='ocr_carea' id='block_1_7' title="bbox 1157 1634 1223 1666">
    <p class='ocr_par' dir='ltr' id='par_1_8' title="bbox 1157 1634 1223 1666">
     <span class='ocr_line' id='line_1_41' title="bbox 1157 1634 1223 1666; baseline 0 0"><span class='ocrx_word' id='word_1_262' title='bbox 1157 1634 1223 1666; x_wconf 93' lang='grc'>110</span> 
     </span>
    </p>
   </div>
  </div>
 </body>
</html>
