1284 1922
450 74 620 109 SATIRA
636 74 719 110 XII.

25 141 170 185 Ducere,
188 142 249 186 qui
265 145 371 176 vexat
387 143 545 176 nascenti
562 142 684 176 robora
701 154 818 176 cornu.

27 187 64 221 Si
80 199 133 221 res
150 188 267 232 ampla
283 188 376 221 domi
393 188 585 232 similisque
602 189 784 222 affectibus
802 191 900 231 esset,

27 232 196 277 Pinguior
215 234 377 278 Hispulla
394 234 592 267 traheretur
609 239 740 276 taurus,
760 238 795 267 et
813 234 889 278 ipsa

27 278 120 312 Mole
137 279 244 323 piger,
262 290 325 312 nec
341 279 493 313 finitima
509 280 665 313 nutritus
682 280 720 313 in
737 280 853 322 herba,

26 323 124 358 Laeta
140 325 199 358 sed
216 325 399 358 ostendens
416 325 585 358 Clitumni
603 337 731 370 pascua
749 325 890 369 sanguis

28 369 110 413 Iret,
128 374 163 403 et
179 382 201 403 a
216 371 341 414 grandi
358 371 475 404 cervix
492 371 649 404 ferienda.
664 371 825 404 ministro

29 415 81 449 Ob
97 416 250 449 reditum
267 417 475 461 trepidantis
493 417 607 450 adhue
624 417 864 461 horrendaque
881 417 974 461 passi

27 461 149 505 Nuper
165 466 200 494 et
217 462 426 495 ineolumem
444 474 515 496 sese
530 463 691 495 mirantis
708 463 821 496 amici.

28 506 118 540 Nam
136 512 262 551 praeter
278 508 394 552 pelagi
412 520 511 541 casus
528 512 563 542 et
579 508 750 551 fulgurisk
770 508 862 541 ictus

29 552 159 586 Evasit.
207 553 348 586 Densae¹
366 554 493 587 coelum
509 554 716 587 abscondere
734 554 885 587 tenebrae

28 598 130 631 Nube
147 610 227 642 una,
245 599 450 642 subitusque
467 604 637 633 antennas
654 599 798 644 impulit
814 600 918 643 ignis,

30 644 147 685 Quum
164 656 199 678 se
215 645 362 689 quisque
377 645 438 678 illo
455 657 656 689 percussum
673 645 836 688 crederet,
854 649 889 679 et
905 657 988 679 mox

29 690 211 723 Attonitus
228 691 367 724 nullum
384 691 532 724 conferri
550 702 647 735 posse
664 695 806 735 putaret

29 735 264 779 Naufragium
281 736 365 769 velis
383 737 594 770 ardentibus.
645 736 770 770 Omnia
786 737 878 769 fiunt

30 781 138 823 Talia,
156 786 230 815 tam
246 783 408 825 graviter,
427 782 455 815 si
472 782 612 826 quando
628 783 763 826 poetica
781 782 892 826 surgit

31 826 239 871 Tempestas.
289 828 404 861 Genus
421 839 500 861 ecee
517 828 614 861 aliud
632 828 860 862 discriminis:
885 828 967 861 audi

30 872 77 906 Et
94 873 254 906 miserere
270 873 416 908 iterum:
442 885 642 918 quanquam
660 874 730 907 sint
747 878 861 907 cetera
878 874 978 907 sortis

31 918 214 962 Ejusdem:
239 930 319 963 pars
336 920 412 952 dira
428 920 578 963 quidem,
596 920 655 952 sed
673 920 814 963 cognita
830 920 962 963 multis,

31 963 77 997 Et
95 976 200 1008 quam
216 965 335 998 votiva
350 969 526 998 testantur
542 965 626 998 fana
642 965 772 998 tabella

32 1009 198 1044 Plurima.
247 1010 400 1044 Pictores
419 1011 496 1054 quis
513 1011 624 1044 nescit
641 1010 684 1044 ab
704 1011 797 1044 Iside
813 1010 932 1055 pasci?

31 1055 171 1089 Accidit
188 1059 223 1089 et
240 1060 355 1090 nostro
373 1057 494 1090 similis
511 1057 652 1090 fortuna
670 1056 816 1090 Catullo.

34 1101 150 1142 Quum
166 1101 290 1146 plenus
306 1102 418 1136 fluctu
434 1103 570 1135 medius
587 1102 676 1136 foret
693 1102 822 1144 alveus,
840 1106 875 1136 et
886 1104 972 1147 jam,

32 1147 219 1180 Alternum
235 1148 362 1192 puppis
379 1148 472 1182 latus
490 1148 725 1182 evertentibus
743 1148 848 1181 undis

33 1193 173 1226 Arboris
190 1194 341 1237 incertae,
358 1194 493 1227 nullam
510 1194 698 1238 prudentia
714 1194 793 1227 cani

34 1238 190 1272 Rectoris
207 1239 378 1274 conferret
395 1251 514 1284 opem:
540 1240 698 1273 decidere
709 1240 811 1284 jactu

35 1284 147 1329 Coepit
164 1296 243 1318 cum
260 1286 382 1327 ventis,
400 1286 559 1319 imitatus
576 1289 718 1328 castora,
737 1286 797 1329 qui
814 1297 849 1319 se

34 1329 246 1364 Eunuchum
262 1331 335 1375 ipse
351 1331 446 1374 facit,
465 1332 608 1376 cupiens
625 1331 769 1364 evadere
786 1332 913 1365 damno

35 1376 218 1410 Testiculi:
244 1377 329 1410 adeo
345 1377 558 1410 medicatum
575 1377 743 1420 intelligit
760 1377 900 1420 inguen.

1100 77 1142 108 91

1104 189 1146 221 10

1103 648 1149 679 20

1105 1105 1150 1137 30

36 1426 56 1444 “
67 1425 230 1466 Fundite,
246 1437 324 1467 quae
340 1436 418 1458 mea
435 1424 549 1467 sunt‚”
567 1423 714 1465 dicebat,
733 1425 752 1441 “
763 1423 922 1465 cuncta‚’'
940 1425 1109 1468 Catullus,

35 1468 258 1512 Praeeipitare
275 1470 393 1501 volens
411 1470 517 1501 etiam
533 1468 777 1512 pulcherrima,
795 1472 927 1501 vestem

36 1513 263 1558 Purpuream,
281 1514 408 1547 teneris
425 1525 561 1557 quoque
579 1513 830 1546 Maecenatibus
847 1517 977 1557 aptam,

36 1560 153 1603 Atque
169 1559 266 1602 alias,
284 1571 432 1603 quarum
449 1559 604 1602 generosi
621 1559 787 1602 graminis
804 1560 920 1603 ipsum

38 1605 166 1639 Infecit
182 1610 310 1639 natura
326 1617 441 1650 pecus,
460 1605 519 1638 sed
537 1609 571 1638 et
589 1605 746 1648 egregius
762 1605 840 1638 fons

39 1650 180 1684 Viribus
196 1651 340 1684 occultis
357 1655 393 1685 et
410 1651 561 1684 Baeticus
578 1650 722 1694 adjuvat
739 1662 806 1684 aer.

40 1696 107 1731 Ille
124 1708 187 1731 nec
204 1702 389 1740 argentum
407 1697 592 1730 dubitabat
608 1697 756 1739 mittere,
774 1697 890 1730 lances

193 1754 204 1772 ¹¹
218 1754 340 1789 fulminis
744 1761 751 1780 ι
771 1754 866 1786 Evasi,
879 1754 970 1779 densae

1104 1562 1150 1594 40
